3274 4964
715 400 906 460 ..γ-

247 569 331 653 quod
354 571 469 633 100001
490 568 621 632 10111010
644 567 906 652 comparationis:
942 565 1042 633 Sicuti
1065 568 1156 632 stulti
1181 573 1274 652 atque
1297 571 1372 634 insi-

247 671 363 756 pientis
385 655 525 736 hominis
548 675 606 750 001,
629 669 676 734 011
691 668 772 749 1000,
795 688 905 734 canem
919 689 1019 754 prope
1041 670 1193 735 intestina
1209 672 1372 752 collocare,

247 791 325 856 qnae
348 771 487 857 ¹quidem
517 770 628 835 statim
657 770 803 850 devorat,
836 770 884 834 ita
917 790 1057 834 summae
1091 777 1174 836 esset
1207 773 1372 852 stultitiae,

246 873 415 954 Pseudulo,
436 873 474 938 ,si
499 873 560 938 tihi
589 871 712 937 credere
741 873 774 935 in
798 871 938 937 animum
960 872 1152 952 inducerem3
1179 893 1255 938 nam
1280 874 1372 940 bene·

246 977 315 1042 ficio
338 995 409 1040 meo
432 974 550 1040 abusus
572 975 698 1040 insidiis
726 993 764 1038 ac
784 973 948 1038 fraudibus
970 994 1021 1039 me
1044 974 1266 1040 circumvenire
1289 974 1374 1040 hand

246 1079 422 1143 desisteres.
588 1075 593 1084 '

331 1178 442 1244 Pseud.
461 1181 534 1243 141:
557 1177 664 1264 Lupus
688 1178 773 1264 apud
796 1197 870 1242 oves
893 1175 1042 1262 linquere.
1088 1178 1151 1242 Bo.

246 1281 332 1346 ldem
354 1279 517 1346 Terentius
533 1283 674 1364 *usmpat
695 1279 728 1343 in
749 1278 830 1344 Eun.
848 1278 920 1353 832,
943 1279 1009 1342 iam
1031 1278 1071 1343 ab
1093 1277 1313 1359 Erasmol,4,
1332 1281 1372 1344 10

246 1402 318 1447 0010
330 1380 449 1448 Graeco
466 1381 552 1446 affini
567 1385 795 1466 comparatum.
818 1380 872 1445 Ad
883 1381 1072 1465 scripturam
1087 1379 1179 1446 huius
1191 1380 1372 1446 Terentiam

247 1504 355 1548 versus
377 1484 461 1548 inira
483 1478 529 1568 (p.
546 1483 603 1566 41)
627 1482 743 1547 redibit
766 1483 878 1548 oratio.

330 1583 424 1650 Poen.
440 1583 490 1665 Ill,
507 1587 536 1664 5,
552 1586 606 1649 31:
629 1582 718 1669 Lupo
742 1571 859 1666 agnum
882 1584 1011 1669 eripere.
1056 1583 1114 1668 Ly.

246 1686 327 1751 Vide
349 1685 519 1752 Erasmum
533 1686 569 1766 ll,
587 1688 616 1765 7,
633 1687 674 1748 80
697 1687 862 1750 citantem:
887 1689 931 1766 ,ἕκ
953 1687 1050 1752 λύκου
1073 1687 1246 1770 συόμαοοςέ

333 1786 460 1851 Phorm.
477 1788 550 1851 506:
571 1786 607 1851 ld
628 1787 713 1871 quod
735 1787 837 1851 aiunt:
862 1787 990 1852 auribus
1012 1791 1103 1852 teneo
1130 1787 1248 1872 lupum.
1286 1787 1349 1851 Aa.

250 1888 334 1972 quod
349 1885 468 1953 Graeco
490 1888 667 1972 proverbio,
691 1887 868 1953 aMacaric
884 1890 914 1968 8,
930 1891 972 1951 44
993 1889 1112 1953 tradito
1135 1889 1371 1954 accuratissime

248 1989 424 2074 respondet.
470 1988 514 2054 Of.
536 1989 646 2074 Polyb.
664 1990 715 2070 30,
737 1993 805 2056 18a.

334 2089 430 2156 Stich.
447 2092 523 2154 577:
544 2089 663 2157 Eccum
684 2091 745 2156 tibi
767 2092 877 2177 lupum
899 2092 932 2156 in
955 2111 1120 2156 sermone.¹
1153 2091 1215 2174 Ep.
1308 2107 1589 2150 m

247 2213 307 2277 quo
331 2193 440 2258 eodem
461 2193 630 2278 proverbio
654 2192 818 2259 Terentius
840 2193 940 2258 utitur
962 2194 996 2257 in

329 2293 493 2380 *Adelph
511 2296 586 2358 537:
609 2293 717 2380 Lupus
739 2297 773 2360 in
794 2296 910 2360 fabula.
955 2294 1008 2380 Sy.

244 2395 285 2459 ad
307 2395 385 2460 illud
405 2394 614 2462 Graecorum:
629 2401 677 2476 ,εἰ
697 2405 752 2463 καὶ
773 2399 871 2464 λύκου
894 2399 1047 2484 ἐμνήσθηι
1071 2403 1127 2462 aut
1148 2398 1255 2478 ,λύκον
1278 2398 1369 2472 eldag‘

242 2498 425 2582 respiciens,
449 2498 533 2581 quod
552 2497 725 2564 scholiasta
746 2499 787 2563 ad
801 2497 958 2564 Theocrit.
977 2500 1026 2579 14,
1042 2500 1083 2563 22
1104 2504 1284 2582 παροιμίαν
1300 2516 1369 2562 esse

242 2598 328 2663 dicit.
374 2599 420 2665 cf.
443 2598 536 2682 Diog.
554 2601 584 2680 4,
601 2602 642 2664 64
664 2605 696 2665 01
719 2601 835 2686 Apost.
854 2603 903 2681 10,
920 2601 971 2666 89.

327 2701 418 2765 Asin.
435 2703 511 2765 495:
533 2699 641 2786 Lupus
664 2706 712 2766 est
734 2701 829 2766 homo
853 2701 984 2766 homini.
1030 2703 1093 2766 Me.

243 2801 346 2867 Affine
368 2801 441 2866 huic
463 2807 512 2868 est
533 2802 613 2867 illud
628 2803 840 2869 Anacharsidi
856 2802 991 2888 Scythae
1010 2803 1173 2879 tributum,
1197 2803 1251 2886 qui
1273 2803 1368 2867 inter·

243 2908 388 2986 rogatus:
420 2911 449 2970 11
471 2905 534 2970 stet
556 2905 590 2970 τὸ
612 2907 767 2989 πολέμιον
790 2904 994 2991 ἀνθρώποις
1017 2901 1115 2981 αὐτοὶ,
1139 2905 1209 2990 ἔφη,
1233 2905 1367 2979 ἑαυτοῖς.

243 3005 448 3071 Contrarium
471 3006 598 3071 adhibet
620 3007 775 3073 Caecilius
799 3009 853 3090 (cf.
877 3007 1016 3072 Ribbek:
1038 3007 1131 3089 frgm.
1150 3005 1258 3070 eomic.
1275 3005 1366 3069 Rom.

243 3129 274 3192 p.
291 3109 359 3192 66),
382 3107 576 3174 Graecorum
597 3109 680 3175 illud
701 3111 862 3175 imitatus:
893 3109 1080 3192 ,ἄνθρωπος
1103 3106 1268 3194 ἀνθρώπω
1291 3108 1365 3171 dcc-

240 3211 364 3292 μόυιουι
388 3210 441 3292 (cf.
465 3209 580 3275 Zenob.
597 3209 620 3291 I,
638 3213 710 3296 91),
738 3212 823 3296 quod
845 3213 975 3277 Plautus
997 3212 1132 3276 fortasse
1154 3209 1298 3276 consulto
1322 3209 1367 3273 sic

241 3312 387 3377 mutavit.

267 3461 269 3467 -
326 3413 450 3499 Captiv.
466 3413 489 3479 I.
506 3416 536 3496 2,
553 3416 696 3480 81-822
718 3401 851 3495 lmodo,
875 3435 989 3480 venare
1002 3414 1158 3499 leporem:
1180 3433 1263 3479 nuno
1278 3413 1367 3478 ictim

394 3521 491 3596 10000,

325 3615 411 3684 Nam
433 3639 521 3684 meus
545 3638 727 3705 scruposam
749 3619 851 3684 victus
875 3623 1031 3684 commeat
1052 3619 1146 3682 viam.
1191 3619 1252 3680 He.

238 3717 352 3793 ,letim‘
380 3720 465 3784 enim
497 3740 555 3805 pro
584 3739 637 3800 00,
672 3721 754 3804 qnod
780 3720 970 3785 vetustiores
1003 3721 1140 3786 editores
1175 3718 1367 3784 exhibebant

235 3819 339 3904 ,Itym‘
362 3820 412 3884 101
435 3821 545 3902 ,011013
568 3827 652 3886 10010
675 3821 893 3887 anovissimis
907 3822 1091 3888 restitutum
1113 3827 1169 3890 001.
1213 3819 1299 3887 Nam
1319 3820 1366 3908 ita

236 3926 412 3986 correctam
433 3921 530 3987 habet
551 3923 754 4008 proverbium
777 3923 908 3988 eandem
929 3923 1073 3998 formam,
1098 3921 1364 4007 quamGrae'oum
1465 3992 1466 3996 ,

234 4022 313 4087 illud
327 4023 430 4088 induit
444 4025 555 4109 ,γαλῆν
571 4026 659 4108 ἔχειςί
676 4025 759 4108 quod
774 4023 908 4105 Diogen.
925 4026 954 4104 3,
971 4026 1012 4088 84
1035 4028 1066 4088 01
1087 4024 1200 4109 Apost.
1219 4025 1248 4104 5,
1265 4026 1305 4088 26
1328 4025 1362 4087 10

235 4144 287 4188 000
309 4126 457 4210 usurpari
479 4126 621 4206 tradunt,
651 4146 784 4209 quorum
805 4145 855 4190 res
878 4127 961 4190 male
984 4127 1116 4200 eueniat.
1162 4123 1212 4190 Ex
1233 4125 1360 4190 Aeliani

235 4231 341 4292 autem
370 4225 410 4291 N.
431 4228 472 4293 A.
495 4230 598 4308 15,11
634 4228 803 4293 mustelam
833 4228 883 4292 101
915 4227 1006 4292 ictim
1040 4247 1059 4291 a
1089 4226 1245 4292 veteribus
1278 4226 1361 4314 inter
1486 4259 1490 4270 .
