3274 4964
703 368 963 430 -21-2

248 535 295 613 13,
314 534 381 618 26).
428 533 508 600 Cum
524 535 639 599 aneilla
657 535 757 617 igitur
778 536 850 611 ista,
875 536 1052 602 humillimo
1067 538 1138 603 loeo
1161 545 1245 614 nata,
1269 541 1372 620 miles,

237 635 320 701 dum
341 637 453 712 mullo,
479 637 732 721 exquisitissimo
755 637 836 718 cibo,
860 638 889 703 h.
914 659 940 704 e.
965 639 1185 706 Acroteleutio
1209 643 1289 726 ipsa,
1321 662 1373 707 car

241 741 321 812 reat,
349 737 492 803 libidinis
516 751 591 803 suae
615 739 792 823 explendae
815 739 1041 824 cupidissimus
1064 745 1122 806 est.

328 839 441 906 Pseud.
459 841 515 904 63:
540 839 640 905 Dulce
664 860 868 925 amarumque
891 862 976 907 nunc
997 842 1113 908 misces
1136 845 1225 909 mihi.
1276 844 1330 912 Oa.

236 941 328 1026 quod
361 962 377 1006 e
404 940 548 1006 Platonis
568 941 689 1007 Phileb.
713 963 744 1027 p.
761 943 840 1007 lte:
877 945 923 1018 ‚nd
952 942 998 1028 dp*
1024 946 1240 1029 λεγόμενον
1268 953 1371 1035 πικρῷ

240 1046 340 1124 γλυκὺ
362 1050 564 1129 μεμιγμένον
587 1042 719 1109 Plautus
747 1042 964 1129 desumpsisse
995 1046 1084 1111 Innio
1108 1052 1188 1112 cent.
1210 1046 1300 1127 lina
1324 1049 1371 1112 vi-

239 1145 337 1210 detur
360 1146 413 1228 (cf.
436 1143 562 1210 Erasm.
579 1165 609 1230 p.
630 1146 737 1228 1055).

329 1247 435 1313 Semel
463 1267 539 1311 uero
566 1245 723 1312 Graecum
755 1247 960 1332 proverbium
991 1249 1109 1333 ipsum,
1144 1249 1228 1314 haud
1256 1249 1370 1323 Latine

238 1370 377 1424 versum,
401 1348 530 1414 Plautus
554 1350 691 1413 orationi
713 1350 887 1415 immiscet:
1308 1351 1310 1354 ’

327 1449 423 1517 Stich.
439 1453 516 1517 707:
541 1449 654 1516 Gentio
678 1447 847 1516 Graecast:
872 1451 890 1536 ἢ
911 1451 1016 1538 nevel}
1036 1459 1107 1535 τρία
1130 1452 1217 1538 πεμῆ
1238 1455 1287 1538 μὴ·
1302 1459 1368 1518 τέτ-

393 1579 485 1635 ταρα.
531 1551 575 1616 St.
1119 1590 1121 1600 .

238 1654 326 1738 quod
353 1655 556 1738 proverbium
585 1655 683 1718 luisse
706 1658 738 1718 et
761 1653 945 1718 Athenaeus
965 1657 1021 1736 10,
1037 1655 1127 1719 426d
1155 1660 1187 1719 et
1209 1655 1369 1720 Plutarch.

234 1755 382 1832 Quaestt.
407 1775 550 1840 sympos.
574 1755 624 1836 ΠΙ,
641 1758 659 1818 9
675 1777 707 1840 p.
724 1757 785 1819 657
809 1759 977 1820 testantur.

282 1893 283 1896 π
327 1856 418 1942 Capt.
435 1857 514 1941 prol.
532 1857 589 1921 Pl:
618 1855 662 1921 Di
684 1877 742 1920 nos
766 1857 856 1940 quasi
878 1856 961 1941 pilas
984 1856 1112 1922 habent.
1199 1890 1201 1896 ·
1251 1932 1253 1938 Ι

239 1959 321 2022 bene
344 1979 520 2040 congruens
543 1977 612 2021 cum
628 1956 771 2022 Platonis
795 1956 879 2022 dicto
896 1956 989 2022 Pone.
1005 1979 1037 2042 p.
1055 1959 1159 2024 asab:
1183 1965 1272 2025 θεῶν
1288 1969 1368 2025 rrect-

231 2086 315 2141 yma
338 2061 517 2144 ἄνθρωποι.

326 2161 378 2226 Eu
400 2163 540 2226 talorum
563 2165 595 2226 et
617 2162 871 2236 latrunculorum
894 2182 957 2226 μεμ
979 2160 1056 2225 haec
1079 2159 1223 2228 derivata
1245 2168 1333 2228 sunt:
1409 2149 1411 2154 Α

326 2263 463 2349 Adelph.
481 2264 557 2328 739:
581 2263 629 2328 lta
651 2264 751 2328 vitast
773 2264 866 2348 quasi
889 2283 987 2347 quom
1009 2262 1103 2328 ludas
1126 2266 1263 2329 tesseris.
1307 2265 1368 2329 Mi.

234 2386 307 2450 qua
328 2367 563 2451 comparatione
587 2365 699 2430 eadem
720 2365 833 2430 Alexis
858 2365 967 2448 (Mein.
985 2363 1035 2440 lll,
1052 2387 1082 2450 p.
1099 2367 1177 2449 399)
1201 2388 1280 2431 usus
1304 2369 1366 2432 est:

237 2473 329 2533 τοῦτο
351 2469 385 2534 τὸ
408 2470 461 2553 ζῆν,
483 2470 565 2532 ἐστιν
588 2467 693 2551 ὥσπερ
716 2467 747 2532 οἳ
770 2469 871 2550 κύβοι.
907 2466 952 2532 Cf.
969 2467 1053 2557 plut.
1069 2466 1192 2532 Murali.
1209 2491 1240 2553 p.
1254 2467 1366 2534 469Ι).

237 2568 325 2634 Huic
347 2570 467 2634 confine
491 2573 549 2648 est,
574 2568 660 2652 quod
682 2568 801 2650 legitur
822 2567 910 2653 apud
931 2569 1083 2633 Plautum
1098 2567 1192 2634 Poen.
1209 2570 1262 2651 IV,
1280 2571 1309 2650 P,
1325 2572 1366 2634 85

238 2673 382 2755 itemque
436 2714 442 2727 ·

326 2773 410 2838 Trin.
428 2776 503 2838 537:
531 2779 569 2838 ut
592 2772 632 2837 ad
654 2774 768 2837 incitas
791 2772 964 2837 redactust.
1011 2771 1056 2836 St.

236 2876 275 2939 ln
296 2875 356 2938 hoc
377 2875 464 2952 lude,
488 2896 507 2939 a
527 2874 658 2941 Graecis
681 2875 856 2957 ,ζμτρίκιμνι
878 2878 1000 2953 vocato,
1023 2893 1119 2956 quem
1142 2877 1287 2936 accurate
1311 2872 1365 2936 de-

234 2976 341 3040 clarat
357 2981 389 3040 et
405 2979 563 3062 explicate
583 2978 726 3041 illustrat
741 2973 919 3040 Salmasius
935 2973 1063 3059 Soriptt.
1080 2974 1154 3038 hist.
1170 2974 1310 3055 August.
1326 2972 1364 3053 ll,

237 3099 271 3162 p.
289 3079 348 3141 739
367 3098 444 3162 sqq„
470 3080 578 3154 ,inciti‘
603 3077 716 3142 calculi
740 3076 935 3152 dicebantur,
960 3077 1101 3159 quinon
1122 3080 1292 3140 mouentur
1306 3095 1365 3140 nec
1416 3099 1434 3122 f

238 3181 362 3244 moveri
389 3186 533 3264 possunt.
578 3179 684 3244 Lusor
711 3183 837 3250 autem,
872 3178 928 3261 qui
954 3177 1103 3264 plurimis
1132 3179 1262 3242 calculis
1294 3199 1366 3261 spo-

239 3281 337 3344 liatus
360 3280 402 3344 ad
424 3282 538 3345 incitas
570 3282 671 3345 calces
693 3281 860 3362 redigitur,
883 3281 995 3344 infelix
1018 3285 1122 3344 estet
1145 3281 1178 3344 in
1206 3300 1366 3345 summam

236 3402 347 3446 rerum
362 3382 620 3468 desperationem
643 3382 822 3447 adducitur.
860 3381 943 3446 Hine
965 3383 1065 3464 igitur
1085 3381 1145 3446 hoc
1159 3382 1366 3466 prouerbium

236 3485 387 3569 petitum,
411 3486 446 3549 in
465 3506 539 3550 enm
556 3487 681 3568 egregie
698 3485 854 3559 convenit,
879 3485 935 3567 qui
957 3485 991 3548 in
1006 3505 1133 3549 summa
1154 3504 1263 3548 rerum
1286 3483 1366 3547 diffi-

232 3586 359 3673 cultate
376 3586 563 3670 consiliique
587 3587 696 3671 inopia
718 3588 765 3650 ita
779 3590 935 3662 versatur,
959 3591 997 3651 ut
1018 3585 1092 3650 inde
1116 3584 1261 3670 expediri
1276 3585 1365 3649 nullo

236 3687 335 3753 modo
358 3689 469 3773 possit.
508 3687 639 3754 Graecis
663 3692 772 3752 autem
793 3708 853 3772 par
873 3687 937 3752 luit
958 3687 1164 3773 proverbium
1186 3686 1254 3764 hoe,
1279 3685 1366 3771 apud

236 3789 397 3855 Theocrit.
421 3789 466 3855 ld.
485 3789 542 3864 Ἡ,
573 3793 610 3853 18
639 3790 786 3855 obvium:
822 3797 887 3865 ,καὶ
918 3799 971 3855 τὸν
1006 3788 1071 3854 ἀπὸ
1103 3793 1255 3873 γραμμᾶς
1287 3801 1369 3856 κινεῖ

233 3895 356 3968 λίθον,
391 3912 488 3976 quam
517 3893 647 3977 phrasin
669 3891 838 3971 Reiskius‚
872 3911 1049 3976 provocans
1078 3890 1119 3954 ad
1146 3889 1250 3956 Schol.
1273 3887 1365 3953 Pind.
1434 3907 1437 3914 ·

233 3993 331 4078 Pyth.
346 3994 398 4074 IX,
421 3996 493 4074 210,
517 4015 536 4058 a
559 4015 648 4070 saxo,
677 4015 734 4079 pro
764 3999 850 4059 meta
878 3994 911 4058 in
935 3992 1032 4060 stadii
1054 3994 1141 4057 linea
1161 3993 1281 4077 posita,
1311 4010 1366 4075 pe-

233 4097 335 4162 titam
358 4115 427 4160 esse
451 4117 508 4181 per
531 4117 670 4161 errorem
692 4095 823 4160 iudicat.
867 4095 965 4160 Recte
992 4095 1089 4160 huius
1115 4093 1276 4179 proverbii
1297 4092 1366 4156 fon·

232 4205 306 4265 tem
329 4218 399 4263 esse
422 4199 514 4264 illum
537 4198 658 4269 ludum.
683 4200 775 4263 cuius
798 4197 893 4262 modo
914 4199 1108 4263 mentionem
1130 4197 1199 4270 leci,
1224 4199 1256 4258 et
1270 4199 1366 4258 vetus
