3274 4964
748 380 959 440 ..1ss-

290 545 470 626 ponantur.
516 544 581 612 Sed
607 545 690 622 vide,
719 567 760 611 an
781 547 919 612 fortasse
946 546 1031 612 haud
1052 549 1160 634 inepte
1187 548 1416 633 Aristophanis

290 647 451 712 sententia
493 646 608 712 similis
651 645 762 730 (blein,
799 646 834 723 Π,
878 649 975 732 1182)
1013 648 1074 714 huc
1110 649 1253 715 adhiberi
1297 651 1414 735 possit:

291 749 458 833 ,λούσησθε
479 755 534 813 καὶ
558 755 739 834 κτενόσησθε
760 749 843 834 πρὸς
865 749 975 835 ἧλιονέ

375 849 455 917 Rud.
474 851 568 915 1114:
599 849 742 916 Tacitast
763 851 877 916 melior
891 850 1005 916 mulier
1020 871 1146 937 semper
1163 873 1257 936 quam
1273 853 1416 937 loquens.

438 1013 440 1018 .
1320 953 1372 1019 Tr.

292 1048 326 1114 id
352 1050 437 1135 quod
464 1050 584 1134 Graece
611 1053 658 1117 ita
687 1052 860 1119 ferebatur:
895 1058 1021 1134 γυναιξὶ
1049 1057 1170 1131 πάσαις
1202 1056 1323 1138 κόσμον
1349 1043 1418 1141 σιμὴ

292 1159 381 1240 φέρει
404 1152 586 1236 (Menandri
608 1172 692 1218 mon.
717 1153 771 1232 833
793 1155 831 1219 ef.
854 1154 950 1219 Mein.
973 1154 1014 1220 IV
1038 1177 1069 1242 p.
1092 1157 1191 1240 342).

378 1253 458 1319 Eun.
475 1246 553 1320 813ιΙ
573 1254 657 1342 Novi
679 1255 838 1337 ingenium
860 1256 1042 1322 mulierum:

377 1355 498 1420 Nolunt
519 1356 574 1421 ubi
597 1357 684 1432 velie,
708 1356 762 1421 ubi
784 1356 867 1422 nolis
889 1360 1020 1443 cupiunt
1041 1358 1135 1423 ultro.
1181 1358 1242 1424 Gn.

293 1458 390 1542 quod,
425 1458 465 1524 de
498 1458 668 1523 mulierum
700 1457 832 1524 levitate
870 1463 903 1523 et
934 1460 1148 1525 inconstantia
1180 1461 1419 1546 pronuntiatum

293 1560 373 1625 bene
409 1559 573 1643 Kiessling
610 1559 652 1624 ad
687 1558 847 1624 Theocriti
884 1559 928 1626 Id.
966 1561 1021 1637 Vl,
1063 1564 1194 1625 15-17
1233 1563 1323 1627 citat:
1366 1570 1420 1626 noi

295 1663 403 1748 φεύγει
427 1665 579 1748 φιλέοντα
601 1670 657 1728 καὶ
679 1659 718 1728 οὗ
741 1663 893 1748 φιλέοντα
917 1665 1034 1728 διώκει.

380 1765 545 1829 Acerrime
567 1783 643 1828 vero
666 1768 699 1829 et
713 1763 843 1829 Plautus
867 1769 899 1829 et
913 1762 1087 1839 Terentius,
1109 1763 1302 1831 Graecorum
1325 1765 1421 1829 comi-

296 1884 404 1930 corum
426 1885 548 1931 rnorem
580 1867 703 1951 passim
726 1865 853 1930 obvium
876 1866 989 1941 secuti,
1017 1866 1050 1931 in
1071 1866 1220 1931 mulieres
1243 1865 1349 1930 invehi
1371 1884 1421 1930 so·

294 1967 376 2044 lent,
405 1986 537 2051 quarum
562 1987 679 2032 nomen
700 1966 944 2052 proverbialiter
973 1966 1012 2032 de
1039 1967 1248 2051 loquacitate,
1283 1966 1421 2032 stultitia

165 2140 169 2146 ,
295 2068 436 2154 perfidia,
461 2069 576 2133 ceteris
599 2087 709 2132 earum
724 2068 863 2154 propriis
879 2069 965 2132 vitiis
988 2072 1151 2153 usurpant.
1196 2066 1332 2132 Proinde
1348 2087 1421 2132 con·

295 2171 356 2246 fer,
375 2171 402 2234 si
424 2157 539 2254 placet,
563 2169 622 2234 hos
642 2170 742 2235 locos:
765 2167 859 2255 Epid.
876 2168 929 2246 IV,
949 2173 975 2246 1,
992 2172 1042 2234 28.
1079 2168 1331 2245 hostilius.
1354 2169 1421 2234 Mil.

296 2272 358 2334 456
381 2271 499 2356 Amph.
517 2271 602 2346 836„
623 2269 724 2336 Heau.
744 2273 834 2336 1006.
870 2271 947 2337 Ηοο.
972 2273 1033 2335 312
1056 2275 1116 2336 cet.

381 2371 459 2440 Tum
490 2372 663 2437 amicorum
691 2374 774 2438 inter
800 2393 834 2438 se
856 2373 1105 2438 necessitudines
1131 2378 1164 2437 et
1185 2372 1422 2438 familiaritates

296 2477 374 2540 haec
396 2473 572 2559 respiciunt
594 2475 742 2560 exempla
763 2474 989 2560 proverbialia:
1439 2513 1447 2530 ·

381 2575 465 2660 Epid
479 2574 530 2651 ΠΙ,
547 2579 575 2651 3,
592 2579 647 2639 44;
681 2575 770 2642 Nihil
791 2576 913 2641 homini
941 2577 1042 2641 amieo
1071 2581 1120 2641 est
1140 2580 1320 2662 opportuno
1344 2576 1422 2640 ami-

367 2707 371 2710 ·
452 2678 528 2742 cius.
573 2677 628 2742 Pe.

299 2801 394 2866 quam
428 2780 632 2854 sententiam,
671 2800 690 2844 a
721 2779 836 2845 Plauto
870 2781 1104 2869 frequentatam
1137 2782 1171 2845 in
1203 2779 1319 2845 Bacch.
1354 2781 1427 2854 386,

299 2881 388 2948 Cure.
419 2882 495 2956 333,
530 2879 595 2945 Mil.
630 2883 702 2957 658,
737 2880 902 2946 Terentius
934 2882 967 2946 in
999 2881 1125 2947 Phorm.
1160 2883 1223 2946 562
1259 2881 1428 2967 paululum

299 2984 444 3060 mutavit,
471 2981 662 3068 Apollodori
684 2981 819 3047 dictum:
854 2985 963 3067 ,μόνος
993 2985 1099 3068 φιλεῖν
1125 2984 1187 3066 γάρ
1221 2985 1292 3057 τούς
1315 2983 1429 3067 φίλους

300 3089 463 3152 ἐπίσταται
493 3084 690 3169 (όένθωιιος)ι
713 3083 852 3148 fideliter
878 3084 1032 3148 imitatus.
1070 3083 1163 3147 Alios
1193 3081 1314 3148 similes
1340 3083 1429 3147 locos

300 3187 372 3253 vide
396 3187 482 3273 apud
504 3185 675 3252 Erasmnm
700 3188 723 3261 l,
741 3186 769 3260 3,
790 3187 837 3248 17.
862 3221 903 3230 -
925 3182 998 3248 Huc
1019 3184 1160 3268 pertinet
1182 3184 1281 3248 etiam

386 3288 487 3354 Heau.
503 3291 578 3352 419:
602 3287 670 3353 Nos
694 3307 817 3372 quoque
840 3306 932 3352 senes
956 3289 1006 3350 est
1028 3304 1164 3370 aequom
1186 3285 1314 3352 senibus
1338 3286 1423 3350 obse·

300 3479 390 3541 iuxta
411 3389 711 3560 illrlduprolehrbium
730 3442 985 3548 usitatissimum,
1010 3474 1056 3538 ait
1071 3472 1298 3558 Calphurnius:
1321 3471 1428 3547 ‚Pares

302 3599 374 3644 cum
398 3577 527 3664 paribus
545 3574 693 3640 facillime
711 3579 960 3656 cong-regemn,
985 3574 1071 3660 quod
1095 3574 1181 3642 idem
1205 3573 1336 3641 Graecis
1359 3577 1429 3638 erat

300 3680 432 3763 uulgare
460 3677 665 3764 proverbium
688 3680 770 3740 teste
792 3674 925 3740 Platone
949 3677 982 3740 in
1005 3674 1134 3740 Conviv.
1154 3678 1213 3740 195
1229 3675 1272 3740 Β;
1309 3674 1336 3749 ,ὃ
1358 3675 1428 3756 γὰρ

302 3785 474 3856 παλαιὸς
490 3780 608 3860 λόγος
623 3777 658 3844 εὖ
673 3780 734 3861 ἔχει
751 3797 758 3811 ·
775 3776 816 3854 ὡς
832 3777 946 3862 ὅμοιον
958 3776 1057 3868 ὁμοίῳ
1074 3777 1124 3844 ἀεὶ
1139 3778 1285 3852 πελάζειί.
1319 3776 1428 3859 Atque

302 3889 371 3949 erat
398 3881 525 3966 quidem
552 3884 646 3945 vetus
673 3881 819 3956 verbum,
850 3881 900 3945 rel
931 3880 970 3945 ab
997 3879 1138 3945 Homero
1166 3878 1224 3944 Od.
1245 3902 1273 3962 ρ,
1294 3878 1355 3940 218
1383 3876 1428 3940 sic

303 4003 506 4069 expressum:
538 3979 580 4058 ὡς
603 3985 665 4047 αἰεὶ
687 3988 741 4047 τὸν
763 3979 877 4065 ὁμοῖον
899 3981 970 4064 ἄγει
993 3985 1071 4058 θεὸς
1098 3979 1140 4057 ὡς
1162 3982 1215 4046 τὸν
1239 3978 1362 4063 ὁμοῖον,
1387 3976 1427 4041 ab

302 4085 376 4150 aliis
404 4084 614 4169 scriptoribus
636 4083 726 4149 velut
760 4084 800 4148 ab
833 4082 1011 4149 Aristotele
1039 4081 1113 4146 Eth.
1142 4081 1212 4146 Nic.
1236 4081 1316 4144 1155
1337 4099 1356 4143 a
1376 4080 1426 4159 34,
1485 4096 1488 4100 ·

305 4187 387 4250 1165
404 4185 424 4250 b
442 4188 494 4262 17,
519 4186 656 4272 saepius,
685 4186 829 4250 citatum.
885 4183 1000 4248 Verum
1029 4183 1127 4247 ctiam
1154 4183 1322 4268 proprium
1349 4177 1428 4244 illud
