<?xml version="1.0" encoding="UTF-8"?>
<!DOCTYPE html PUBLIC "-//W3C//DTD XHTML 1.0 Transitional//EN"
    "http://www.w3.org/TR/xhtml1/DTD/xhtml1-transitional.dtd">
<html xmlns="http://www.w3.org/1999/xhtml" xml:lang="en" lang="en">
 <head>
  <title>
</title>
<meta http-equiv="Content-Type" content="text/html;charset=utf-8" />
  <meta name='ocr-system' content='tesseract 3.04.00' />
  <meta name='ocr-capabilities' content='ocr_page ocr_carea ocr_par ocr_line ocrx_word'/>
</head>
<body>
  <div class='ocr_page' id='page_1' title='image "./deproverbiispla01schngoog_0012.png"; bbox 0 0 3274 4964; ppageno 0'>
   <div class='ocr_carea' id='block_1_1' title="bbox 663 446 854 505">
    <p class='ocr_par' dir='ltr' id='par_1_1' title="bbox 663 446 854 505">
     <span class='ocr_line' id='line_1_1' title="bbox 663 446 854 505; baseline 0 -17"><span class='ocrx_word' id='word_1_1' title='bbox 663 446 854 505; x_wconf 76' lang='grc'>..5-</span> 
     </span>
    </p>
   </div>
   <div class='ocr_carea' id='block_1_2' title="bbox 116 611 1321 3023">
    <p class='ocr_par' dir='ltr' id='par_1_2' title="bbox 187 611 1320 801">
     <span class='ocr_line' id='line_1_2' title="bbox 189 611 1320 698; baseline 0 -20"><span class='ocrx_word' id='word_1_2' title='bbox 189 614 335 678; x_wconf 88' lang='lat' dir='ltr'>iumenta</span> <span class='ocrx_word' id='word_1_3' title='bbox 362 611 504 676; x_wconf 87' lang='lat' dir='ltr'>stimulis</span> <span class='ocrx_word' id='word_1_4' title='bbox 532 615 564 676; x_wconf 91' lang='lat' dir='ltr'>et</span> <span class='ocrx_word' id='word_1_5' title='bbox 592 611 747 678; x_wconf 87' lang='lat' dir='ltr'>incitandi</span> <span class='ocrx_word' id='word_1_6' title='bbox 773 617 805 677; x_wconf 90' lang='lat' dir='ltr'>et</span> <span class='ocrx_word' id='word_1_7' title='bbox 831 612 975 695; x_wconf 82' lang='lat' dir='ltr'>regendi,</span> <span class='ocrx_word' id='word_1_8' title='bbox 1010 613 1049 678; x_wconf 86' lang='lat' dir='ltr'>de</span> <span class='ocrx_word' id='word_1_9' title='bbox 1079 633 1142 697; x_wconf 90' lang='lat' dir='ltr'>quo</span> <span class='ocrx_word' id='word_1_10' title='bbox 1172 614 1320 698; x_wconf 90' lang='lat' dir='ltr'>pluribus</span> 
     </span>
     <span class='ocr_line' id='line_1_3' title="bbox 187 709 1105 801; baseline -0.001 -21"><span class='ocrx_word' id='word_1_11' title='bbox 187 713 326 800; x_wconf 83' lang='lat' dir='ltr'>exponit</span> <span class='ocrx_word' id='word_1_12' title='bbox 347 709 530 779; x_wconf 79' lang='lat' dir='ltr'>Gronovius</span> <span class='ocrx_word' id='word_1_13' title='bbox 552 713 585 778; x_wconf 94' lang='lat' dir='ltr'>in</span> <span class='ocrx_word' id='word_1_14' title='bbox 607 713 639 780; x_wconf 87' lang='lat' dir='ltr'>N</span> <span class='ocrx_word' id='word_1_15' title='bbox 641 717 697 778; x_wconf 90' lang='lat' dir='ltr'>ott.</span> <span class='ocrx_word' id='word_1_16' title='bbox 720 715 754 778; x_wconf 92' lang='lat' dir='ltr'>in</span> <span class='ocrx_word' id='word_1_17' title='bbox 775 713 957 780; x_wconf 83' lang='lat' dir='ltr'>Terentium</span> <span class='ocrx_word' id='word_1_18' title='bbox 978 736 1009 801; x_wconf 87' lang='lat' dir='ltr'>p.</span> <span class='ocrx_word' id='word_1_19' title='bbox 1036 717 1105 780; x_wconf 82' lang='lat'>187.</span> 
     </span>
    </p>

    <p class='ocr_par' dir='ltr' id='par_1_3' title="bbox 191 812 1320 1412">
     <span class='ocr_line' id='line_1_4' title="bbox 277 812 1320 902; baseline 0.002 -22"><span class='ocrx_word' id='word_1_20' title='bbox 277 812 372 880; x_wconf 86' lang='lat' dir='ltr'>Mero.</span> <span class='ocrx_word' id='word_1_21' title='bbox 391 813 429 890; x_wconf 90' lang='lat' dir='ltr'>V,</span> <span class='ocrx_word' id='word_1_22' title='bbox 446 817 482 894; x_wconf 85' lang='lat'>4,</span> <span class='ocrx_word' id='word_1_23' title='bbox 499 815 553 880; x_wconf 76' lang='lat'>28:</span> <span class='ocrx_word' id='word_1_24' title='bbox 590 815 689 881; x_wconf 86' lang='lat' dir='ltr'>Vobis</span> <span class='ocrx_word' id='word_1_25' title='bbox 724 816 827 881; x_wconf 89' lang='lat' dir='ltr'>hercle</span> <span class='ocrx_word' id='word_1_26' title='bbox 855 817 968 884; x_wconf 88' lang='lat' dir='ltr'>habete</span> <span class='ocrx_word' id='word_1_27' title='bbox 998 835 1070 882; x_wconf 93' lang='lat' dir='ltr'>cum</span> <span class='ocrx_word' id='word_1_28' title='bbox 1100 818 1213 902; x_wconf 90' lang='lat' dir='ltr'>porcis,</span> <span class='ocrx_word' id='word_1_29' title='bbox 1248 837 1320 883; x_wconf 90' lang='lat' dir='ltr'>cum</span> 
     </span>
     <span class='ocr_line' id='line_1_5' title="bbox 193 915 570 996; baseline -0.008 -14"><span class='ocrx_word' id='word_1_30' title='bbox 193 975 201 996; x_wconf 86' lang='lat'>,</span> <span class='ocrx_word' id='word_1_31' title='bbox 346 915 465 980; x_wconf 90' lang='lat' dir='ltr'>fiscina.</span> <span class='ocrx_word' id='word_1_32' title='bbox 510 915 570 980; x_wconf 82' lang='lat' dir='ltr'>De.</span> 
     </span>
     <span class='ocr_line' id='line_1_6' title="bbox 191 1015 1319 1105; baseline 0.001 -20"><span class='ocrx_word' id='word_1_33' title='bbox 191 1017 410 1104; x_wconf 84' lang='lat' dir='ltr'>Explicandae</span> <span class='ocrx_word' id='word_1_34' title='bbox 433 1015 530 1083; x_wconf 87' lang='lat' dir='ltr'>huius</span> <span class='ocrx_word' id='word_1_35' title='bbox 552 1037 663 1083; x_wconf 89' lang='lat' dir='ltr'>versus</span> <span class='ocrx_word' id='word_1_36' title='bbox 686 1019 879 1099; x_wconf 89' lang='lat' dir='ltr'>sententiae,</span> <span class='ocrx_word' id='word_1_37' title='bbox 908 1020 964 1105; x_wconf 89' lang='lat' dir='ltr'>qui</span> <span class='ocrx_word' id='word_1_38' title='bbox 985 1021 1114 1086; x_wconf 87' lang='lat' dir='ltr'>mirifice</span> <span class='ocrx_word' id='word_1_39' title='bbox 1137 1022 1319 1086; x_wconf 74' lang='lat' dir='ltr'>criticorum</span> 
     </span>
     <span class='ocr_line' id='line_1_7' title="bbox 191 1120 1318 1204; baseline -0.001 -16"><span class='ocrx_word' id='word_1_40' title='bbox 191 1120 322 1203; x_wconf 84' lang='lat' dir='ltr'>ingenia</span> <span class='ocrx_word' id='word_1_41' title='bbox 344 1120 502 1199; x_wconf 84' lang='lat' dir='ltr'>exercuit,</span> <span class='ocrx_word' id='word_1_42' title='bbox 532 1123 628 1204; x_wconf 88' lang='lat' dir='ltr'>atque</span> <span class='ocrx_word' id='word_1_43' title='bbox 650 1120 747 1184; x_wconf 89' lang='lat' dir='ltr'>etiam</span> <span class='ocrx_word' id='word_1_44' title='bbox 769 1120 941 1187; x_wconf 86' lang='lat' dir='ltr'>Ritschelio</span> <span class='ocrx_word' id='word_1_45' title='bbox 965 1121 1119 1188; x_wconf 88' lang='lat' dir='ltr'>obscurus</span> <span class='ocrx_word' id='word_1_46' title='bbox 1142 1122 1318 1202; x_wconf 87' lang='lat' dir='ltr'>videbatur,</span> 
     </span>
     <span class='ocr_line' id='line_1_8' title="bbox 193 1219 1320 1306; baseline -0.001 -18"><span class='ocrx_word' id='word_1_47' title='bbox 193 1223 299 1288; x_wconf 89' lang='lat' dir='ltr'>nescio</span> <span class='ocrx_word' id='word_1_48' title='bbox 323 1240 364 1285; x_wconf 94' lang='lat' dir='ltr'>an</span> <span class='ocrx_word' id='word_1_49' title='bbox 386 1221 522 1287; x_wconf 85' lang='lat' dir='ltr'>fortasse</span> <span class='ocrx_word' id='word_1_50' title='bbox 546 1219 668 1306; x_wconf 85' lang='lat' dir='ltr'>aliquid</span> <span class='ocrx_word' id='word_1_51' title='bbox 690 1223 804 1287; x_wconf 83' lang='lat' dir='ltr'>auxilii</span> <span class='ocrx_word' id='word_1_52' title='bbox 826 1222 968 1288; x_wconf 87' lang='lat' dir='ltr'>laturum</span> <span class='ocrx_word' id='word_1_53' title='bbox 996 1224 1039 1288; x_wconf 90' lang='lat' dir='ltr'>sit</span> <span class='ocrx_word' id='word_1_54' title='bbox 1061 1221 1219 1290; x_wconf 84' lang='lat' dir='ltr'>Graecum</span> <span class='ocrx_word' id='word_1_55' title='bbox 1240 1224 1320 1289; x_wconf 87' lang='lat' dir='ltr'>illud</span> 
     </span>
     <span class='ocr_line' id='line_1_9' title="bbox 193 1319 1319 1412; baseline 0.002 -22"><span class='ocrx_word' id='word_1_56' title='bbox 193 1324 409 1410; x_wconf 85' lang='lat' dir='ltr'>proverbium:</span> <span class='ocrx_word' id='word_1_57' title='bbox 444 1319 539 1410; x_wconf 80' lang='grc' dir='ltr'>,αὐτῷ</span> <span class='ocrx_word' id='word_1_58' title='bbox 561 1329 649 1412; x_wconf 66' lang='lat' dir='ltr'>carpi</span> <span class='ocrx_word' id='word_1_59' title='bbox 671 1331 832 1410; x_wconf 80' lang='grc' dir='ltr'><strong><em>κατέφαγε</em></strong></span> <span class='ocrx_word' id='word_1_60' title='bbox 853 1325 960 1391; x_wconf 80' lang='grc' dir='ltr'><em>πάντα</em></span> <span class='ocrx_word' id='word_1_61' title='bbox 990 1325 1043 1407; x_wconf 85' lang='lat' dir='ltr'>(cf.</span> <span class='ocrx_word' id='word_1_62' title='bbox 1066 1324 1161 1409; x_wconf 83' lang='lat' dir='ltr'>Diog.</span> <span class='ocrx_word' id='word_1_63' title='bbox 1184 1329 1220 1405; x_wconf 82' lang='lat'>4,</span> <span class='ocrx_word' id='word_1_64' title='bbox 1242 1327 1319 1410; x_wconf 85' lang='lat'>68)‘,</span> 
     </span>
    </p>

    <p class='ocr_par' dir='ltr' id='par_1_4' title="bbox 116 1425 1321 3023">
     <span class='ocr_line' id='line_1_10' title="bbox 189 1425 1321 1511; baseline 0 -19"><span class='ocrx_word' id='word_1_65' title='bbox 189 1427 278 1510; x_wconf 90' lang='lat' dir='ltr'>quod</span> <span class='ocrx_word' id='word_1_66' title='bbox 300 1445 457 1511; x_wconf 87' lang='lat' dir='ltr'>usurpare</span> <span class='ocrx_word' id='word_1_67' title='bbox 485 1425 629 1490; x_wconf 90' lang='lat' dir='ltr'>solebant</span> <span class='ocrx_word' id='word_1_68' title='bbox 656 1425 693 1490; x_wconf 91' lang='lat' dir='ltr'>de</span> <span class='ocrx_word' id='word_1_69' title='bbox 722 1426 784 1505; x_wconf 90' lang='lat' dir='ltr'>eis,</span> <span class='ocrx_word' id='word_1_70' title='bbox 814 1426 870 1510; x_wconf 89' lang='lat' dir='ltr'>qui</span> <span class='ocrx_word' id='word_1_71' title='bbox 898 1426 1039 1508; x_wconf 82' lang='lat' dir='ltr'>aliquam</span> <span class='ocrx_word' id='word_1_72' title='bbox 1068 1448 1136 1492; x_wconf 91' lang='lat' dir='ltr'>rem</span> <span class='ocrx_word' id='word_1_73' title='bbox 1163 1429 1321 1510; x_wconf 82' lang='lat' dir='ltr'>integram</span> 
     </span>
     <span class='ocr_line' id='line_1_11' title="bbox 116 1515 1320 1610; baseline 0.001 -17"><span class='ocrx_word' id='word_1_74' title='bbox 116 1515 119 1518; x_wconf 38' lang='lat'>¹</span> <span class='ocrx_word' id='word_1_75' title='bbox 192 1532 390 1594; x_wconf 87' lang='lat' dir='ltr'>consumunt</span> <span class='ocrx_word' id='word_1_76' title='bbox 419 1531 451 1591; x_wconf 90' lang='grc'>11</span> <span class='ocrx_word' id='word_1_77' title='bbox 478 1526 680 1593; x_wconf 83' lang='lat' dir='ltr'>exhauriunt.</span> <span class='ocrx_word' id='word_1_78' title='bbox 726 1525 861 1610; x_wconf 85' lang='lat' dir='ltr'>Egregie</span> <span class='ocrx_word' id='word_1_79' title='bbox 890 1528 975 1592; x_wconf 88' lang='lat' dir='ltr'>enim</span> <span class='ocrx_word' id='word_1_80' title='bbox 1002 1527 1082 1592; x_wconf 91' lang='lat' dir='ltr'>mihi</span> <span class='ocrx_word' id='word_1_81' title='bbox 1109 1528 1236 1594; x_wconf 72' lang='lat' dir='ltr'>ridetur</span> <span class='ocrx_word' id='word_1_82' title='bbox 1261 1530 1320 1594; x_wconf 90' lang='lat' dir='ltr'>hoc</span> 
     </span>
     <span class='ocr_line' id='line_1_12' title="bbox 194 1629 1320 1716; baseline 0 -20"><span class='ocrx_word' id='word_1_83' title='bbox 194 1631 264 1698; x_wconf 91' lang='lat' dir='ltr'>loco</span> <span class='ocrx_word' id='word_1_84' title='bbox 295 1631 410 1696; x_wconf 88' lang='lat' dir='ltr'>similis</span> <span class='ocrx_word' id='word_1_85' title='bbox 437 1631 595 1696; x_wconf 90' lang='lat' dir='ltr'>sententia</span> <span class='ocrx_word' id='word_1_86' title='bbox 621 1630 787 1696; x_wconf 89' lang='lat' dir='ltr'>convenire</span> <span class='ocrx_word' id='word_1_87' title='bbox 808 1629 1017 1716; x_wconf 83' lang='lat' dir='ltr'>Demiphoni,</span> <span class='ocrx_word' id='word_1_88' title='bbox 1053 1632 1109 1715; x_wconf 93' lang='lat' dir='ltr'>qui</span> <span class='ocrx_word' id='word_1_89' title='bbox 1143 1631 1181 1696; x_wconf 95' lang='lat' dir='ltr'>ab</span> <span class='ocrx_word' id='word_1_90' title='bbox 1209 1633 1320 1697; x_wconf 89' lang='lat' dir='ltr'>amicis</span> 
     </span>
     <span class='ocr_line' id='line_1_13' title="bbox 192 1733 1319 1818; baseline 0.004 -22"><span class='ocrx_word' id='word_1_91' title='bbox 192 1733 346 1798; x_wconf 85' lang='lat' dir='ltr'>acerrime</span> <span class='ocrx_word' id='word_1_92' title='bbox 369 1733 579 1818; x_wconf 89' lang='lat' dir='ltr'>reprehensus</span> <span class='ocrx_word' id='word_1_93' title='bbox 603 1737 634 1798; x_wconf 88' lang='lat' dir='ltr'>et</span> <span class='ocrx_word' id='word_1_94' title='bbox 648 1733 685 1798; x_wconf 91' lang='lat' dir='ltr'>de</span> <span class='ocrx_word' id='word_1_95' title='bbox 701 1753 760 1798; x_wconf 90' lang='lat' dir='ltr'>sua</span> <span class='ocrx_word' id='word_1_96' title='bbox 783 1752 881 1798; x_wconf 84' lang='lat' dir='ltr'>causa</span> <span class='ocrx_word' id='word_1_97' title='bbox 903 1738 1011 1798; x_wconf 88' lang='lat' dir='ltr'>actum</span> <span class='ocrx_word' id='word_1_98' title='bbox 1033 1754 1101 1799; x_wconf 89' lang='lat' dir='ltr'>esse</span> <span class='ocrx_word' id='word_1_99' title='bbox 1124 1735 1319 1818; x_wconf 86' lang='lat' dir='ltr'>intellegens,</span> 
     </span>
     <span class='ocr_line' id='line_1_14' title="bbox 196 1834 1320 1918; baseline 0.001 -20"><span class='ocrx_word' id='word_1_100' title='bbox 196 1839 236 1898; x_wconf 89' lang='lat' dir='ltr'>ut</span> <span class='ocrx_word' id='word_1_101' title='bbox 257 1835 394 1917; x_wconf 85' lang='lat' dir='ltr'>reliquas</span> <span class='ocrx_word' id='word_1_102' title='bbox 416 1853 527 1899; x_wconf 87' lang='lat' dir='ltr'>eorum</span> <span class='ocrx_word' id='word_1_103' title='bbox 549 1834 775 1916; x_wconf 74' lang='lat' dir='ltr'>castigationes</span> <span class='ocrx_word' id='word_1_104' title='bbox 791 1834 952 1914; x_wconf 89' lang='lat' dir='ltr'>detrectet,</span> <span class='ocrx_word' id='word_1_105' title='bbox 976 1853 1067 1900; x_wconf 93' lang='lat' dir='ltr'>omne</span> <span class='ocrx_word' id='word_1_106' title='bbox 1082 1835 1142 1901; x_wconf 92' lang='lat' dir='ltr'>hoc</span> <span class='ocrx_word' id='word_1_107' title='bbox 1156 1836 1320 1918; x_wconf 87' lang='lat' dir='ltr'>negotium</span> 
     </span>
     <span class='ocr_line' id='line_1_15' title="bbox 199 1934 1321 2019; baseline 0.003 -20"><span class='ocrx_word' id='word_1_108' title='bbox 199 1934 344 2019; x_wconf 88' lang='lat' dir='ltr'>repudiat</span> <span class='ocrx_word' id='word_1_109' title='bbox 365 1942 397 2002; x_wconf 90' lang='grc'>11</span> <span class='ocrx_word' id='word_1_110' title='bbox 417 1935 482 2001; x_wconf 86' lang='lat' dir='ltr'>filio</span> <span class='ocrx_word' id='word_1_111' title='bbox 505 1936 543 2001; x_wconf 90' lang='lat' dir='ltr'>de</span> <span class='ocrx_word' id='word_1_112' title='bbox 566 1937 669 2002; x_wconf 89' lang='lat' dir='ltr'>amica</span> <span class='ocrx_word' id='word_1_113' title='bbox 683 1935 769 2000; x_wconf 92' lang='lat' dir='ltr'>haud</span> <span class='ocrx_word' id='word_1_114' title='bbox 784 1940 970 2000; x_wconf 79' lang='lat' dir='ltr'>cunctanter</span> <span class='ocrx_word' id='word_1_115' title='bbox 985 1936 1077 2004; x_wconf 89' lang='lat' dir='ltr'>cedit.</span> <span class='ocrx_word' id='word_1_116' title='bbox 1113 1935 1205 2002; x_wconf 89' lang='lat' dir='ltr'>Hanc</span> <span class='ocrx_word' id='word_1_117' title='bbox 1221 1937 1321 2019; x_wconf 80' lang='lat' dir='ltr'>igitur</span> 
     </span>
     <span class='ocr_line' id='line_1_16' title="bbox 194 2037 1319 2123; baseline 0.001 -21"><span class='ocrx_word' id='word_1_118' title='bbox 194 2055 268 2102; x_wconf 90' lang='lat' dir='ltr'>cum</span> <span class='ocrx_word' id='word_1_119' title='bbox 296 2038 403 2104; x_wconf 83' lang='lat' dir='ltr'>fructu</span> <span class='ocrx_word' id='word_1_120' title='bbox 437 2039 576 2122; x_wconf 88' lang='lat' dir='ltr'>quodam</span> <span class='ocrx_word' id='word_1_121' title='bbox 606 2058 811 2123; x_wconf 88' lang='lat' dir='ltr'>comparans,</span> <span class='ocrx_word' id='word_1_122' title='bbox 826 2112 828 2116; x_wconf 48' lang='grc'>,</span> <span class='ocrx_word' id='word_1_123' title='bbox 846 2056 909 2121; x_wconf 91' lang='lat' dir='ltr'>quo</span> <span class='ocrx_word' id='word_1_124' title='bbox 936 2037 1005 2123; x_wconf 89' lang='lat' dir='ltr'>ipse</span> <span class='ocrx_word' id='word_1_125' title='bbox 1039 2057 1072 2102; x_wconf 90' lang='lat' dir='ltr'>se</span> <span class='ocrx_word' id='word_1_126' title='bbox 1098 2037 1252 2103; x_wconf 86' lang='lat' dir='ltr'>delectare</span> <span class='ocrx_word' id='word_1_127' title='bbox 1286 2039 1319 2104; x_wconf 89' lang='lat' dir='ltr'>in</span> 
     </span>
     <span class='ocr_line' id='line_1_17' title="bbox 193 2139 1319 2225; baseline -0.001 -20"><span class='ocrx_word' id='word_1_128' title='bbox 193 2140 299 2205; x_wconf 89' lang='lat' dir='ltr'>animo</span> <span class='ocrx_word' id='word_1_129' title='bbox 322 2141 495 2222; x_wconf 83' lang='lat' dir='ltr'>habuerat,</span> <span class='ocrx_word' id='word_1_130' title='bbox 524 2161 609 2206; x_wconf 89' lang='lat' dir='ltr'>nunc</span> <span class='ocrx_word' id='word_1_131' title='bbox 632 2141 774 2225; x_wconf 89' lang='lat' dir='ltr'>quidem,</span> <span class='ocrx_word' id='word_1_132' title='bbox 803 2159 877 2204; x_wconf 90' lang='lat' dir='ltr'>cum</span> <span class='ocrx_word' id='word_1_133' title='bbox 898 2139 982 2205; x_wconf 92' lang='lat' dir='ltr'>male</span> <span class='ocrx_word' id='word_1_134' title='bbox 1003 2159 1054 2204; x_wconf 88' lang='lat' dir='ltr'>res</span> <span class='ocrx_word' id='word_1_135' title='bbox 1077 2145 1262 2220; x_wconf 82' lang='lat' dir='ltr'>euenerunt,</span> <span class='ocrx_word' id='word_1_136' title='bbox 1287 2161 1319 2204; x_wconf 88' lang='lat' dir='ltr'>se</span> 
     </span>
     <span class='ocr_line' id='line_1_18' title="bbox 189 2241 1319 2328; baseline 0.001 -22"><span class='ocrx_word' id='word_1_137' title='bbox 189 2242 352 2328; x_wconf 84' lang='lat' dir='ltr'>despicere</span> <span class='ocrx_word' id='word_1_138' title='bbox 376 2243 508 2308; x_wconf 90' lang='lat' dir='ltr'>simulat</span> <span class='ocrx_word' id='word_1_139' title='bbox 529 2263 631 2326; x_wconf 91' lang='lat' dir='ltr'>neque</span> <span class='ocrx_word' id='word_1_140' title='bbox 655 2241 831 2326; x_wconf 88' lang='lat' dir='ltr'>quidquam</span> <span class='ocrx_word' id='word_1_141' title='bbox 854 2261 923 2306; x_wconf 90' lang='lat' dir='ltr'>eam</span> <span class='ocrx_word' id='word_1_142' title='bbox 939 2262 972 2306; x_wconf 91' lang='lat' dir='ltr'>se</span> <span class='ocrx_word' id='word_1_143' title='bbox 988 2241 1237 2307; x_wconf 74' lang='lat' dir='ltr'>sollicitatorem</span> <span class='ocrx_word' id='word_1_144' title='bbox 1252 2263 1319 2307; x_wconf 89' lang='lat' dir='ltr'>esse</span> 
     </span>
     <span class='ocr_line' id='line_1_19' title="bbox 192 2343 1320 2430; baseline -0.002 -20"><span class='ocrx_word' id='word_1_145' title='bbox 192 2346 375 2430; x_wconf 89' lang='lat' dir='ltr'>pollicetur,</span> <span class='ocrx_word' id='word_1_146' title='bbox 398 2347 432 2411; x_wconf 93' lang='lat' dir='ltr'>in</span> <span class='ocrx_word' id='word_1_147' title='bbox 454 2346 539 2411; x_wconf 93' lang='lat' dir='ltr'>hunc</span> <span class='ocrx_word' id='word_1_148' title='bbox 560 2345 691 2409; x_wconf 89' lang='lat' dir='ltr'>modum</span> <span class='ocrx_word' id='word_1_149' title='bbox 712 2343 808 2408; x_wconf 84' lang='lat' dir='ltr'>verba</span> <span class='ocrx_word' id='word_1_150' title='bbox 829 2345 961 2408; x_wconf 84' lang='lat' dir='ltr'>faciens:</span> <span class='ocrx_word' id='word_1_151' title='bbox 993 2343 1038 2424; x_wconf 90' lang='lat' dir='ltr'>,ln</span> <span class='ocrx_word' id='word_1_152' title='bbox 1060 2347 1201 2409; x_wconf 82' lang='lat' dir='ltr'>vestrum</span> <span class='ocrx_word' id='word_1_153' title='bbox 1224 2365 1320 2409; x_wconf 91' lang='lat' dir='ltr'>usum</span> 
     </span>
     <span class='ocr_line' id='line_1_20' title="bbox 190 2446 1318 2529; baseline -0.002 -17"><span class='ocrx_word' id='word_1_154' title='bbox 190 2447 266 2512; x_wconf 88' lang='lat' dir='ltr'>licet</span> <span class='ocrx_word' id='word_1_155' title='bbox 288 2453 395 2513; x_wconf 90' lang='lat' dir='ltr'>totum</span> <span class='ocrx_word' id='word_1_156' title='bbox 415 2449 500 2514; x_wconf 91' lang='lat' dir='ltr'>hunc</span> <span class='ocrx_word' id='word_1_157' title='bbox 521 2448 661 2518; x_wconf 78' lang='lat' dir='ltr'>fructum</span> <span class='ocrx_word' id='word_1_158' title='bbox 684 2447 891 2512; x_wconf 87' lang='lat' dir='ltr'>convertatis:</span> <span class='ocrx_word' id='word_1_159' title='bbox 926 2446 1002 2529; x_wconf 90' lang='lat' dir='ltr'>quin</span> <span class='ocrx_word' id='word_1_160' title='bbox 1027 2446 1124 2511; x_wconf 89' lang='lat' dir='ltr'>etiam</span> <span class='ocrx_word' id='word_1_161' title='bbox 1154 2446 1234 2511; x_wconf 91' lang='lat' dir='ltr'>nihil</span> <span class='ocrx_word' id='word_1_162' title='bbox 1261 2465 1318 2528; x_wconf 77' lang='lat' dir='ltr'>ego</span> 
     </span>
     <span class='ocr_line' id='line_1_21' title="bbox 190 2547 1319 2635; baseline -0.001 -22"><span class='ocrx_word' id='word_1_163' title='bbox 190 2549 363 2635; x_wconf 88' lang='lat' dir='ltr'>impedibo,</span> <span class='ocrx_word' id='word_1_164' title='bbox 387 2551 566 2634; x_wconf 91' lang='lat' dir='ltr'>quominus,</span> <span class='ocrx_word' id='word_1_165' title='bbox 590 2550 618 2614; x_wconf 86' lang='lat' dir='ltr'>si</span> <span class='ocrx_word' id='word_1_166' title='bbox 633 2550 747 2634; x_wconf 89' lang='lat' dir='ltr'>placet,</span> <span class='ocrx_word' id='word_1_167' title='bbox 771 2549 867 2613; x_wconf 87' lang='lat' dir='ltr'>etiam</span> <span class='ocrx_word' id='word_1_168' title='bbox 881 2547 1034 2627; x_wconf 87' lang='lat' dir='ltr'>fiscinam,</span> <span class='ocrx_word' id='word_1_169' title='bbox 1057 2548 1091 2612; x_wconf 90' lang='lat' dir='ltr'>in</span> <span class='ocrx_word' id='word_1_170' title='bbox 1114 2567 1178 2632; x_wconf 89' lang='lat' dir='ltr'>qua</span> <span class='ocrx_word' id='word_1_171' title='bbox 1196 2547 1319 2612; x_wconf 82' lang='lat' dir='ltr'>fructus</span> 
     </span>
     <span class='ocr_line' id='line_1_22' title="bbox 188 2647 1320 2733; baseline -0.003 -18"><span class='ocrx_word' id='word_1_172' title='bbox 188 2647 367 2717; x_wconf 89' lang='lat' dir='ltr'>collocatus</span> <span class='ocrx_word' id='word_1_173' title='bbox 401 2657 466 2731; x_wconf 87' lang='lat' dir='ltr'>est,</span> <span class='ocrx_word' id='word_1_174' title='bbox 501 2651 591 2717; x_wconf 89' lang='lat' dir='ltr'>vobis</span> <span class='ocrx_word' id='word_1_175' title='bbox 622 2650 789 2716; x_wconf 63' lang='lat' dir='ltr'>habeatis!</span> <span class='ocrx_word' id='word_1_176' title='bbox 838 2650 888 2714; x_wconf 86' lang='lat' dir='ltr'>Ac</span> <span class='ocrx_word' id='word_1_177' title='bbox 920 2669 959 2714; x_wconf 92' lang='lat' dir='ltr'>ne</span> <span class='ocrx_word' id='word_1_178' title='bbox 992 2649 1159 2714; x_wconf 89' lang='lat' dir='ltr'>minimam</span> <span class='ocrx_word' id='word_1_179' title='bbox 1193 2649 1320 2733; x_wconf 89' lang='lat' dir='ltr'>quidem</span> 
     </span>
     <span class='ocr_line' id='line_1_23' title="bbox 193 2750 1320 2839; baseline -0.003 -22"><span class='ocrx_word' id='word_1_180' title='bbox 193 2753 316 2820; x_wconf 88' lang='lat' dir='ltr'>amicae</span> <span class='ocrx_word' id='word_1_181' title='bbox 338 2755 464 2839; x_wconf 90' lang='lat' dir='ltr'>copiam</span> <span class='ocrx_word' id='word_1_182' title='bbox 486 2773 519 2819; x_wconf 89' lang='lat' dir='ltr'>se</span> <span class='ocrx_word' id='word_1_183' title='bbox 543 2752 604 2818; x_wconf 92' lang='lat' dir='ltr'>sibi</span> <span class='ocrx_word' id='word_1_184' title='bbox 630 2754 789 2837; x_wconf 88' lang='lat' dir='ltr'>requirere</span> <span class='ocrx_word' id='word_1_185' title='bbox 810 2750 968 2836; x_wconf 90' lang='lat' dir='ltr'>Demipho</span> <span class='ocrx_word' id='word_1_186' title='bbox 991 2751 1112 2816; x_wconf 89' lang='lat' dir='ltr'>indicat</span> <span class='ocrx_word' id='word_1_187' title='bbox 1134 2752 1320 2836; x_wconf 89' lang='lat' dir='ltr'>synonymis</span> 
     </span>
     <span class='ocr_line' id='line_1_24' title="bbox 195 2852 1318 2940; baseline 0 -23"><span class='ocrx_word' id='word_1_188' title='bbox 195 2854 370 2921; x_wconf 69' lang='lat' dir='ltr'>adhibitis.</span> <span class='ocrx_word' id='word_1_189' title='bbox 392 2876 481 2935; x_wconf 91' lang='lat' dir='ltr'>,cum</span> <span class='ocrx_word' id='word_1_190' title='bbox 509 2855 626 2940; x_wconf 90' lang='lat' dir='ltr'>sportis</span> <span class='ocrx_word' id='word_1_191' title='bbox 653 2874 725 2919; x_wconf 90' lang='lat' dir='ltr'>cum</span> <span class='ocrx_word' id='word_1_192' title='bbox 753 2853 878 2918; x_wconf 88' lang='lat' dir='ltr'>fiscina‘</span> <span class='ocrx_word' id='word_1_193' title='bbox 903 2852 998 2917; x_wconf 89' lang='lat' dir='ltr'>sicuti</span> <span class='ocrx_word' id='word_1_194' title='bbox 1027 2867 1076 2920; x_wconf 86' lang='lat' dir='ltr'>me</span> <span class='ocrx_word' id='word_1_195' title='bbox 1104 2853 1207 2917; x_wconf 89' lang='lat' dir='ltr'>iudice</span> <span class='ocrx_word' id='word_1_196' title='bbox 1235 2859 1318 2917; x_wconf 87' lang='lat' dir='ltr'>recte</span> 
     </span>
     <span class='ocr_line' id='line_1_25' title="bbox 196 2955 713 3023; baseline 0.002 -4"><span class='ocrx_word' id='word_1_197' title='bbox 196 2955 321 3022; x_wconf 87' lang='lat' dir='ltr'>ridetur</span> <span class='ocrx_word' id='word_1_198' title='bbox 342 2957 509 3023; x_wconf 82' lang='lat' dir='ltr'>Acidalius</span> <span class='ocrx_word' id='word_1_199' title='bbox 531 2957 713 3022; x_wconf 80' lang='lat' dir='ltr'>correxisse.</span> 
     </span>
    </p>
   </div>
   <div class='ocr_carea' id='block_1_3' title="bbox 285 3057 1319 3226">
    <p class='ocr_par' dir='ltr' id='par_1_5' title="bbox 285 3057 1319 3226">
     <span class='ocr_line' id='line_1_26' title="bbox 285 3057 1319 3126; baseline -0.003 -2"><span class='ocrx_word' id='word_1_200' title='bbox 285 3057 439 3126; x_wconf 83' lang='lat' dir='ltr'>*Phorm</span> <span class='ocrx_word' id='word_1_201' title='bbox 456 3060 533 3124; x_wconf 82' lang='lat'>318:</span> <span class='ocrx_word' id='word_1_202' title='bbox 567 3057 648 3123; x_wconf 85' lang='lat' dir='ltr'>Tute</span> <span class='ocrx_word' id='word_1_203' title='bbox 680 3059 740 3122; x_wconf 91' lang='lat' dir='ltr'>hoc</span> <span class='ocrx_word' id='word_1_204' title='bbox 773 3057 905 3122; x_wconf 88' lang='lat' dir='ltr'>intristi:</span> <span class='ocrx_word' id='word_1_205' title='bbox 939 3057 999 3121; x_wconf 89' lang='lat' dir='ltr'>tibi</span> <span class='ocrx_word' id='word_1_206' title='bbox 1032 3061 1154 3122; x_wconf 89' lang='lat' dir='ltr'>omnest</span> <span class='ocrx_word' id='word_1_207' title='bbox 1187 3057 1319 3122; x_wconf 80' lang='lat' dir='ltr'>exeden-</span> 
     </span>
     <span class='ocr_line' id='line_1_27' title="bbox 351 3160 837 3226; baseline -0.016 0"><span class='ocrx_word' id='word_1_208' title='bbox 351 3161 434 3226; x_wconf 93' lang='lat' dir='ltr'>dum.</span> <span class='ocrx_word' id='word_1_209' title='bbox 479 3160 541 3224; x_wconf 81' lang='lat' dir='ltr'>Pb.</span> <span class='ocrx_word' id='word_1_210' title='bbox 831 3167 837 3174; x_wconf 87' lang='grc'><strong><em>·</em></strong></span> 
     </span>
    </p>
   </div>
   <div class='ocr_carea' id='block_1_4' title="bbox 189 3260 1322 4369">
    <p class='ocr_par' dir='ltr' id='par_1_6' title="bbox 194 3260 1320 3549">
     <span class='ocr_line' id='line_1_28' title="bbox 197 3260 1320 3348; baseline 0 -20"><span class='ocrx_word' id='word_1_211' title='bbox 197 3265 230 3329; x_wconf 86' lang='lat' dir='ltr'>id</span> <span class='ocrx_word' id='word_1_212' title='bbox 253 3266 339 3348; x_wconf 89' lang='lat' dir='ltr'>quod</span> <span class='ocrx_word' id='word_1_213' title='bbox 358 3264 472 3331; x_wconf 84' lang='lat' dir='ltr'>Graeci</span> <span class='ocrx_word' id='word_1_214' title='bbox 495 3265 541 3330; x_wconf 88' lang='lat' dir='ltr'>sic</span> <span class='ocrx_word' id='word_1_215' title='bbox 564 3267 803 3348; x_wconf 84' lang='lat' dir='ltr'>expresserunt:</span> <span class='ocrx_word' id='word_1_216' title='bbox 827 3260 865 3346; x_wconf 78' lang='grc' dir='ltr'>ἦν</span> <span class='ocrx_word' id='word_1_217' title='bbox 883 3287 929 3337; x_wconf 77' lang='grc' dir='ltr'>τις</span> <span class='ocrx_word' id='word_1_218' title='bbox 951 3263 1047 3346; x_wconf 54' lang='lat' dir='ltr'>ebais</span> <span class='ocrx_word' id='word_1_219' title='bbox 1069 3262 1184 3344; x_wconf 81' lang='grc' dir='ltr'><strong><em>μᾶζαν,</em></strong></span> <span class='ocrx_word' id='word_1_220' title='bbox 1207 3261 1320 3347; x_wconf 67' lang='lat' dir='ltr'>ruciaco</span> 
     </span>
     <span class='ocr_line' id='line_1_29' title="bbox 194 3365 713 3444; baseline -0.006 -14"><span class='ocrx_word' id='word_1_221' title='bbox 194 3376 251 3433; x_wconf 82' lang='grc' dir='ltr'>καὶ</span> <span class='ocrx_word' id='word_1_222' title='bbox 274 3370 414 3434; x_wconf 71' lang='grc' dir='ltr'>ἐσθιέτω.</span> <span class='ocrx_word' id='word_1_223' title='bbox 459 3365 713 3444; x_wconf 49' lang='grc'>1111111150.</span> 
     </span>
     <span class='ocr_line' id='line_1_30' title="bbox 282 3464 1266 3549; baseline -0.009 -14"><span class='ocrx_word' id='word_1_224' title='bbox 282 3471 358 3535; x_wconf 84' lang='lat' dir='ltr'>Aul.</span> <span class='ocrx_word' id='word_1_225' title='bbox 374 3470 410 3545; x_wconf 89' lang='lat' dir='ltr'>ll,</span> <span class='ocrx_word' id='word_1_226' title='bbox 428 3471 457 3549; x_wconf 74' lang='lat'>2,</span> <span class='ocrx_word' id='word_1_227' title='bbox 474 3469 529 3532; x_wconf 87' lang='lat'>58:</span> <span class='ocrx_word' id='word_1_228' title='bbox 552 3467 604 3532; x_wconf 86' lang='lat' dir='ltr'>Ab</span> <span class='ocrx_word' id='word_1_229' title='bbox 627 3466 725 3530; x_wconf 89' lang='lat' dir='ltr'>asinis</span> <span class='ocrx_word' id='word_1_230' title='bbox 749 3465 789 3529; x_wconf 93' lang='lat' dir='ltr'>ad</span> <span class='ocrx_word' id='word_1_231' title='bbox 811 3465 907 3529; x_wconf 86' lang='lat' dir='ltr'>boves</span> <span class='ocrx_word' id='word_1_232' title='bbox 931 3464 1159 3529; x_wconf 88' lang='lat' dir='ltr'>transcendere.</span> <span class='ocrx_word' id='word_1_233' title='bbox 1204 3465 1266 3527; x_wconf 84' lang='lat' dir='ltr'>Ec.</span> 
     </span>
    </p>

    <p class='ocr_par' dir='ltr' id='par_1_7' title="bbox 189 3563 1322 4369">
     <span class='ocr_line' id='line_1_31' title="bbox 196 3563 1319 3652; baseline -0.003 -17"><span class='ocrx_word' id='word_1_234' title='bbox 196 3569 257 3636; x_wconf 89' lang='lat' dir='ltr'>His</span> <span class='ocrx_word' id='word_1_235' title='bbox 284 3572 388 3636; x_wconf 90' lang='lat' dir='ltr'>verbis</span> <span class='ocrx_word' id='word_1_236' title='bbox 416 3569 550 3636; x_wconf 90' lang='lat' dir='ltr'>Plautus</span> <span class='ocrx_word' id='word_1_237' title='bbox 580 3567 716 3632; x_wconf 87' lang='lat' dir='ltr'>reddidit</span> <span class='ocrx_word' id='word_1_238' title='bbox 749 3567 816 3630; x_wconf 89' lang='lat' dir='ltr'>sine</span> <span class='ocrx_word' id='word_1_239' title='bbox 844 3566 939 3630; x_wconf 92' lang='lat' dir='ltr'>dubio</span> <span class='ocrx_word' id='word_1_240' title='bbox 971 3563 1126 3631; x_wconf 84' lang='lat' dir='ltr'>Graccum</span> <span class='ocrx_word' id='word_1_241' title='bbox 1159 3564 1218 3632; x_wconf 88' lang='lat' dir='ltr'>hoc</span> <span class='ocrx_word' id='word_1_242' title='bbox 1247 3587 1319 3652; x_wconf 92' lang='lat' dir='ltr'>prc-</span> 
     </span>
     <span class='ocr_line' id='line_1_32' title="bbox 196 3666 1318 3757; baseline -0.004 -20"><span class='ocrx_word' id='word_1_243' title='bbox 196 3674 354 3738; x_wconf 74' lang='lat' dir='ltr'>vbrbium:</span> <span class='ocrx_word' id='word_1_244' title='bbox 383 3671 459 3753; x_wconf 79' lang='grc' dir='ltr'>,ἀπὸ</span> <span class='ocrx_word' id='word_1_245' title='bbox 483 3671 565 3738; x_wconf 78' lang='grc' dir='ltr'>ὄνων</span> <span class='ocrx_word' id='word_1_246' title='bbox 588 3667 635 3757; x_wconf 76' lang='grc' dir='ltr'>ἐφ’</span> <span class='ocrx_word' id='word_1_247' title='bbox 659 3678 778 3744; x_wconf 75' lang='grc' dir='ltr'><em>ἵππους</em></span> <span class='ocrx_word' id='word_1_248' title='bbox 807 3667 862 3749; x_wconf 85' lang='lat' dir='ltr'>(cf.</span> <span class='ocrx_word' id='word_1_249' title='bbox 884 3666 980 3750; x_wconf 84' lang='lat' dir='ltr'>Diog.</span> <span class='ocrx_word' id='word_1_250' title='bbox 995 3667 1034 3731; x_wconf 88' lang='lat' dir='ltr'>V.</span> <span class='ocrx_word' id='word_1_251' title='bbox 1054 3671 1086 3746; x_wconf 91' lang='lat' dir='ltr'>l,</span> <span class='ocrx_word' id='word_1_252' title='bbox 1103 3667 1181 3750; x_wconf 79' lang='lat'>55)‘,</span> <span class='ocrx_word' id='word_1_253' title='bbox 1212 3667 1318 3746; x_wconf 87' lang='lat' dir='ltr'>libero,</span> 
     </span>
     <span class='ocr_line' id='line_1_33' title="bbox 194 3769 1320 3856; baseline -0.007 -15"><span class='ocrx_word' id='word_1_254' title='bbox 194 3778 233 3840; x_wconf 88' lang='lat' dir='ltr'>ut</span> <span class='ocrx_word' id='word_1_255' title='bbox 248 3776 338 3856; x_wconf 90' lang='lat' dir='ltr'>solet,</span> <span class='ocrx_word' id='word_1_256' title='bbox 362 3775 417 3840; x_wconf 90' lang='lat' dir='ltr'>sed</span> <span class='ocrx_word' id='word_1_257' title='bbox 437 3776 497 3839; x_wconf 91' lang='lat' dir='ltr'>hoc</span> <span class='ocrx_word' id='word_1_258' title='bbox 512 3774 581 3838; x_wconf 91' lang='lat' dir='ltr'>loco</span> <span class='ocrx_word' id='word_1_259' title='bbox 596 3770 684 3836; x_wconf 92' lang='lat' dir='ltr'>haud</span> <span class='ocrx_word' id='word_1_260' title='bbox 704 3770 752 3834; x_wconf 90' lang='lat' dir='ltr'>ita</span> <span class='ocrx_word' id='word_1_261' title='bbox 765 3769 907 3850; x_wconf 85' lang='lat' dir='ltr'>feliciter,</span> <span class='ocrx_word' id='word_1_262' title='bbox 932 3769 1054 3854; x_wconf 91' lang='lat' dir='ltr'>opinor,</span> <span class='ocrx_word' id='word_1_263' title='bbox 1078 3774 1109 3834; x_wconf 88' lang='lat' dir='ltr'>et</span> <span class='ocrx_word' id='word_1_264' title='bbox 1124 3769 1192 3833; x_wconf 89' lang='lat' dir='ltr'>sine</span> <span class='ocrx_word' id='word_1_265' title='bbox 1206 3769 1320 3834; x_wconf 90' lang='lat' dir='ltr'>idonea</span> 
     </span>
     <span class='ocr_line' id='line_1_34' title="bbox 191 3868 1320 3962; baseline -0.007 -20"><span class='ocrx_word' id='word_1_266' title='bbox 191 3896 294 3943; x_wconf 89' lang='lat' dir='ltr'>causa</span> <span class='ocrx_word' id='word_1_267' title='bbox 322 3877 362 3943; x_wconf 87' lang='lat' dir='ltr'>ab</span> <span class='ocrx_word' id='word_1_268' title='bbox 390 3874 565 3962; x_wconf 82' lang='lat' dir='ltr'>exemplari</span> <span class='ocrx_word' id='word_1_269' title='bbox 594 3893 653 3938; x_wconf 89' lang='lat' dir='ltr'>suo</span> <span class='ocrx_word' id='word_1_270' title='bbox 680 3871 837 3936; x_wconf 87' lang='lat' dir='ltr'>recedens.</span> <span class='ocrx_word' id='word_1_271' title='bbox 887 3869 971 3935; x_wconf 89' lang='lat' dir='ltr'>Nam</span> <span class='ocrx_word' id='word_1_272' title='bbox 999 3868 1138 3936; x_wconf 84' lang='lat' dir='ltr'>Graecae</span> <span class='ocrx_word' id='word_1_273' title='bbox 1166 3871 1320 3936; x_wconf 88' lang='lat' dir='ltr'>locutioni</span> 
     </span>
     <span class='ocr_line' id='line_1_35' title="bbox 190 3971 1319 4056; baseline -0.006 -12"><span class='ocrx_word' id='word_1_274' title='bbox 190 3979 363 4045; x_wconf 90' lang='lat' dir='ltr'>discrimen</span> <span class='ocrx_word' id='word_1_275' title='bbox 394 3978 503 4044; x_wconf 90' lang='lat' dir='ltr'>subest</span> <span class='ocrx_word' id='word_1_276' title='bbox 535 3977 619 4041; x_wconf 89' lang='lat' dir='ltr'>inter</span> <span class='ocrx_word' id='word_1_277' title='bbox 645 3978 818 4056; x_wconf 88' lang='lat' dir='ltr'>utrumque</span> <span class='ocrx_word' id='word_1_278' title='bbox 851 3971 1039 4036; x_wconf 90' lang='lat' dir='ltr'>animalium</span> <span class='ocrx_word' id='word_1_279' title='bbox 1067 3992 1183 4054; x_wconf 83' lang='lat' dir='ltr'>genus,</span> <span class='ocrx_word' id='word_1_280' title='bbox 1217 3973 1250 4037; x_wconf 92' lang='lat' dir='ltr'>in</span> <span class='ocrx_word' id='word_1_281' title='bbox 1283 3993 1319 4038; x_wconf 90' lang='lat' dir='ltr'>eo</span> 
     </span>
     <span class='ocr_line' id='line_1_36' title="bbox 193 4073 1321 4167; baseline -0.008 -20"><span class='ocrx_word' id='word_1_282' title='bbox 193 4083 354 4167; x_wconf 89' lang='lat' dir='ltr'>positum,</span> <span class='ocrx_word' id='word_1_283' title='bbox 389 4080 474 4165; x_wconf 90' lang='lat' dir='ltr'>quod</span> <span class='ocrx_word' id='word_1_284' title='bbox 502 4077 617 4156; x_wconf 89' lang='lat' dir='ltr'>asinis,</span> <span class='ocrx_word' id='word_1_285' title='bbox 652 4076 693 4140; x_wconf 91' lang='lat' dir='ltr'>ad</span> <span class='ocrx_word' id='word_1_286' title='bbox 721 4074 919 4139; x_wconf 87' lang='lat' dir='ltr'>molestiores</span> <span class='ocrx_word' id='word_1_287' title='bbox 946 4078 978 4138; x_wconf 92' lang='lat' dir='ltr'>et</span> <span class='ocrx_word' id='word_1_288' title='bbox 1004 4073 1168 4140; x_wconf 83' lang='lat' dir='ltr'>inferiores</span> <span class='ocrx_word' id='word_1_289' title='bbox 1196 4075 1321 4139; x_wconf 89' lang='lat' dir='ltr'>labores</span> 
     </span>
     <span class='ocr_line' id='line_1_37' title="bbox 189 4176 1321 4264; baseline -0.005 -16"><span class='ocrx_word' id='word_1_290' title='bbox 189 4184 362 4251; x_wconf 87' lang='lat' dir='ltr'>destinatis</span> <span class='ocrx_word' id='word_1_291' title='bbox 386 4202 482 4248; x_wconf 88' lang='lat' dir='ltr'>onera</span> <span class='ocrx_word' id='word_1_292' title='bbox 495 4180 623 4246; x_wconf 81' lang='lat' dir='ltr'>ferenda</span> <span class='ocrx_word' id='word_1_293' title='bbox 645 4177 902 4264; x_wconf 88' lang='lat' dir='ltr'>imponebantur,</span> <span class='ocrx_word' id='word_1_294' title='bbox 924 4179 1036 4241; x_wconf 89' lang='lat' dir='ltr'>contra</span> <span class='ocrx_word' id='word_1_295' title='bbox 1051 4176 1133 4260; x_wconf 89' lang='lat' dir='ltr'>equi,</span> <span class='ocrx_word' id='word_1_296' title='bbox 1155 4181 1321 4260; x_wconf 89' lang='lat' dir='ltr'>tamquam</span> 
     </span>
     <span class='ocr_line' id='line_1_38' title="bbox 189 4276 1322 4369; baseline -0.008 -18"><span class='ocrx_word' id='word_1_297' title='bbox 189 4286 234 4351; x_wconf 87' lang='lat' dir='ltr'>ad</span> <span class='ocrx_word' id='word_1_298' title='bbox 256 4285 420 4352; x_wconf 88' lang='lat' dir='ltr'>meliorem</span> <span class='ocrx_word' id='word_1_299' title='bbox 441 4290 473 4350; x_wconf 90' lang='lat' dir='ltr'>et</span> <span class='ocrx_word' id='word_1_300' title='bbox 488 4283 682 4369; x_wconf 87' lang='lat' dir='ltr'>superiorem</span> <span class='ocrx_word' id='word_1_301' title='bbox 697 4283 815 4346; x_wconf 87' lang='lat' dir='ltr'>sortem</span> <span class='ocrx_word' id='word_1_302' title='bbox 837 4279 915 4357; x_wconf 87' lang='lat' dir='ltr'>nati,</span> <span class='ocrx_word' id='word_1_303' title='bbox 938 4279 971 4342; x_wconf 93' lang='lat' dir='ltr'>in</span> <span class='ocrx_word' id='word_1_304' title='bbox 993 4276 1157 4343; x_wconf 91' lang='lat' dir='ltr'>hominum</span> <span class='ocrx_word' id='word_1_305' title='bbox 1178 4278 1322 4362; x_wconf 90' lang='lat' dir='ltr'>ipsorum</span> 
     </span>
    </p>
   </div>
   <div class='ocr_carea' id='block_1_5' title="bbox 0 0 1643 4964">
    <p class='ocr_par' dir='ltr' id='par_1_8' title="bbox 0 0 1643 4964">
     <span class='ocr_line' id='line_1_39' title="bbox 0 0 1643 4964; baseline 0 0"><span class='ocrx_word' id='word_1_306' title='bbox 0 0 1643 4964; x_wconf 95' lang='lat' dir='ltr'> </span> 
     </span>
    </p>
   </div>
  </div>
 </body>
</html>
