3274 4964
681 397 894 460 ...23-

222 565 278 640 ini,
304 585 384 649 quae
407 565 573 632 Menandri
589 567 779 631 austeritate
787 529 891 631 ¹fertur
906 565 1010 649 (Sent.
1027 567 1111 632 Mon.
1129 523 1191 631 418
1208 572 1241 632 61
1257 571 1348 653 1531
1432 660 1435 665 p
1548 610 1550 614 -

222 669 503 752 πολυπραγμονεῖν
536 666 688 752 ἀλλότρια
723 677 765 754 μὴ
797 671 917 751 βούλου
944 672 1038 734 κακοί.
1086 669 1132 734 Of.
1161 671 1284 735 Platon.
1312 671 1350 734 de

222 789 289 854 rep.
306 767 404 834 4331)
421 774 453 833 et
467 768 566 834 Mant.
583 769 695 834 Provv.
714 773 742 844 2,
761 772 789 834 8.

308 869 393 961 Pers.
409 870 462 946 IV,
480 872 508 946 3,
527 873 575 946 78,
600 892 733 956 prorsus
753 872 951 957 respondeus
974 871 1163 938 Terentiano

308 971 411 1036 Hean.
429 974 505 1038 210:
536 971 693 1038 Soitumst
715 974 868 1057 periclum
892 995 933 1038 ex
956 975 1028 1038 aliis
1051 976 1164 1050 faeere,
1189 975 1250 1040 tibi
1274 976 1351 1058 quid

306 1129 308 1136 .
377 1075 418 1138 611
440 1095 501 1139 usu
524 1076 594 1138 6161.
645 1073 699 1137 Oh.
1076 1062 1080 1069 ’
1191 1065 1194 1071 ’

220 1175 373 1240 Fortasse
389 1177 452 1240 huo
467 1177 607 1261 pertinet
629 1177 744 1261 Apost.
762 1179 790 1262 6,
809 1179 862 1242 97:
888 1180 922 1242 ἐκ
937 1182 997 1244 τῶν
1019 1181 1167 1260 γειτόνων
1190 1173 1293 1262 ἔχουσι
1316 1179 1350 1243 τὸ

224 1279 445 1362 παράδειγμα.
783 1343 786 1349 .

309 1379 407 1443 Porro
441 1381 585 1464 privatae
613 1380 766 1444 utilitatis
800 1380 942 1445 studium
974 1382 1158 1447 horninibus
1192 1382 1244 1446 his
1277 1402 1352 1467 pro-

222 1480 341 1545 verbiis
365 1481 616 1546 sommendatur:
1241 1559 1242 1566 ἵ

309 1582 408 1646 Andr.
427 1585 501 1648 636:
525 1584 697 1648 Proximus
720 1605 793 1648 sum
816 1590 943 1666 egomet
965 1585 1044 1648 mihi
1089 1583 1144 1650 Ob.

309 1683 322 1713 *
346 1689 378 1748 et
399 1685 500 1750 Andr.
517 1687 592 1749 427:
616 1675 738 1750 Verum
761 1686 842 1750 illud
863 1687 1037 1761 verbumst,
1062 1687 1149 1770 quod
1172 1687 1235 1752 diei
1259 1687 1350 1763 solet,

378 1786 494 1851 Omnes
519 1789 580 1852 sibi
602 1789 698 1852 malle
721 1789 836 1852 melius
860 1809 930 1853 esse
954 1810 1048 1872 quam
1075 1791 1177 1853 alteri.
1223 1791 1285 1874 Bp.

221 1889 280 1953 ubi
302 1887 448 1953 Donatus
471 1889 555 1954 huno
577 1891 684 1954 looum
707 1892 869 1975 expressis
898 1891 1003 1954 verbis
1027 1896 1192 1974 tamquam
1220 1912 1351 1976 prover-

221 1991 313 2055 bium
342 1991 494 2068 laudans„
530 1991 647 2077 prioris
675 1994 761 2058 illius
789 1995 966 2058 sententiae
994 1998 1127 2058 naturae
1156 1994 1352 2078 proverbiali
1411 1999 1413 2004 ’

221 2092 361 2158 adnuere
384 2094 519 2160 uidetur.
566 2094 717 2174 Ceterum
739 2096 860 2159 similes
884 2093 1024 2160 Graecos
1047 2096 1134 2159 loeos
1154 2095 1312 2160 Erasmus
1328 2096 1350 2170 I,

220 2196 249 2270 3,
268 2198 286 2257 9
311 2216 352 2258 ex
374 2195 548 2262 Menandro
575 2197 684 2280 (Mein.
701 2197 744 2262 IV
760 2220 791 2283 p.
809 2199 887 2282 355>
905 2203 937 2261 et
951 2197 1119 2283 Euripidis
1134 2197 1249 2263 Medea
1264 2221 1293 2266 u.
1311 2200 1351 2261 86

220 2294 327 2362 affert:
353 2297 395 2374 ὥς
417 2305 482 2374 ποῖς
497 2327 541 2376 τις
557 2297 654 2365 αὑτὸν
668 2305 723 2364 τοῦ
739 2303 839 2376 πέλοις
854 2303 981 2384 μᾶλλον
997 2305 1092 2387 φιλεῖ,
1118 2304 1167 2366 oui
1187 2300 1351 2364 addendus

219 2405 270 2463 est
296 2399 431 2465 Aristot.
453 2399 527 2466 Eth.
549 2401 620 2466 Nie.
644 2403 725 2464 1151)
748 2423 767 2466 a
789 2405 838 2467 12.
892 2403 999 2487 Atque
1034 2405 1151 2486 exiguo
1181 2404 1348 2468 interuallo

219 2500 330 2577 distat,
356 2503 440 2587 quod
462 2505 495 2566 in
518 2504 601 2568 Trin.
620 2506 702 2566 1154
719 2504 847 2586 legitur:

307 2604 425 2670 Tunioa
446 2607 578 2690 propior
599 2606 740 2690 palliost.
787 2607 846 2691 Ly.

217 2707 285 2781 oui,
317 2707 404 2791 quod
430 2707 471 2772 ad
500 2707 692 2772 sententiam
715 2709 845 2783 attinet,
877 2711 1094 2793 propinquum
1117 2713 1179 2785 est,
1205 2711 1350 2792 quamvis

160 2879 164 2886 f
222 2809 330 2873 verbis
358 2829 434 2874 sane
465 2811 643 2885 diuersum,
677 2809 737 2873 hoe
766 2808 935 2875 Graecum:
975 2863 981 2885 ‚
989 2813 1066 2890 γόνυ
1090 2813 1205 2896 κνήμης
1228 2812 1348 2890 ἔγγιον
1456 2822 1459 2828 “

223 2909 279 2993 (61.
303 2911 376 2975 Zeu.
403 2913 431 2987 3,
455 2914 473 2975 2
503 2915 535 2975 et
563 2911 659 2976 sohel.
685 2909 726 2974 ad
754 2910 910 2975 Theoorit.
938 2911 983 2976 Id.
1009 2914 1056 2987 16,
1084 2914 1132 2975 18.
1178 2911 1349 2976 Definitius

223 3017 332 3076 autem
354 3015 600 3098 pronuntiatum
622 3012 709 3077 idem
732 3014 891 3098 reperitur
914 3015 946 3077 in
968 3013 1109 3088 Tmoli,
1127 3015 1226 3093 uon:

308 3114 362 3178 Ad
379 3135 469 3179 suum
485 3135 639 3198 quemque
657 3119 824 3198 aequomst
839 3121 1006 3199 quaestum
1022 3137 1092 3180 esse
1105 3114 1263 3179 eallidum.
1288 3115 1348 3178 Pb.

222 3235 319 3299 quem
341 3217 446 3282 looum
468 3216 658 3283 Leutsohius
683 3217 723 3281 ad
745 3216 826 3281 Mae.
844 3220 872 3292 6,
890 3219 945 3282 98:
974 3220 1067 3282 πάντ’
1080 3222 1123 3292 εἰς
1146 3218 1199 3303 τήν
1221 3219 1348 3308 κερδαί-

221 3337 345 3383 νονσαν
367 3322 473 3406 πήραν
496 3317 596 3384 ὠθεῖν
619 3319 760 3383 adhibet.
886 3323 890 3331 '
1172 3327 1173 3332 ’

308 3421 386 3487 Alia
407 3420 591 3486 huiusmodi
612 3424 785 3506 praecepta
808 3421 1010 3484 eontinentur
1032 3419 1096 3485 his:

307 3522 408 3588 Andr.
426 3524 503 3588 305:
529 3522 686 3598 Quoniam
708 3543 773 3588 nou
795 3515 904 3607 potest
925 3521 959 3585 id
981 3523 1050 3586 fieri
1073 3521 1158 3606 quod
1180 3523 1239 3598 116,

308 3624 344 3692 ld
367 3625 447 3690 velis
471 3624 555 3709 quod
577 3625 689 3709 possit.
735 3624 796 3708 Bp.

221 3727 309 3812 quod
331 3728 434 3806 idem,
463 3749 483 3792 a
505 3727 643 3792 Caecilio
670 3731 860 3812 usurpatum
884 3725 990 3808 (Ribb.
1014 3727 1106 3808 frgm.
1131 3745 1210 3790 eom.
1233 3746 1265 3810 p.
1289 3726 1346 3808 56)

217 3829 403 3916 philosophi
425 3830 593 3911 insigniter
618 3829 909 3912 frequentaverunt,
932 3829 1019 3892 velut
1041 3829 1131 3892 Plato
1154 3826 1252 3912 Hipp.
1272 3829 1346 3891 mai.

218 3953 251 4018 p.
269 3932 347 3997 453:
372 3929 428 4014 οὐχ
451 3933 502 3996 οἷον
525 3933 672 4016 βούλεταί
693 3957 746 4006 τις,
771 3938 894 4016 φασὶν
910 3929 1346 4014 ἄνθρωποιὲκοέσνοτεπαρ-

219 4035 505 4118 ονμναζόμ-ενοι,
538 4033 663 4100 saroa
691 4035 835 4098 δύναται.
881 4031 972 4097 Hane
1000 4033 1205 4111 sententiam,
1233 4032 1347 4095 leviter

218 4139 391 4215 mutatam,
414 4141 512 4222 poeta
530 4135 692 4222 proverbii
715 4140 792 4199 nota
815 4134 933 4198 diserte
956 4135 1148 4219 interposita
1169 4134 1288 4217 repetit
1312 4133 1346 4195 iu

216 4237 321 4304 Andr.
338 4239 413 4304 805:
