3274 4964
765 393 977 457 ...δῇ-

185 553 187 558 ”
307 584 371 650 qno
395 583 515 644 servus,
539 584 595 649 per
618 563 750 630 eandem
780 566 916 630 ironiam
943 586 1087 652 pergens,
1109 565 1144 632 id
1166 566 1431 654 comprobaturus

307 687 377 734 esse
404 666 547 732 videatur
574 666 659 751 quod
686 665 833 732 dominus
868 673 961 732 antea
994 669 1151 754 promisit.
1197 669 1264 748 Quo
1298 671 1431 738 oonsilio

308 787 443 857 sequens
465 770 668 856 proverbium
690 770 844 855 incipito
866 770 1025 855 particule
1049 776 1153 852 ,nam‘,
1177 791 1273 858 quam
1294 770 1430 839 Plautus

307 892 366 960 per
387 872 514 959 ellipsin
540 871 700 959 quandam
727 873 856 960 saepius
885 874 978 939 initio
1006 875 1160 940 orationis
1189 876 1282 961 ponit
1315 876 1369 959 (ef.
1393 875 1429 942 Ο.

309 973 458 1062 Seyffert:
489 973 603 1044 Studia
624 975 771 1042 Plautina
794 974 897 1042 Berol.
924 977 1006 1040 1874
1028 997 1058 1062 p.
1083 977 1125 1040 20
1153 983 1185 1043 et
1206 975 1431 1045 Terentianum

309 1078 504 1165 exemplum:
528 1077 654 1144 Phorm.
681 1079 730 1158 78,
754 1081 818 1165 p.4
841 1099 860 1142 a
881 1099 931 1142 me
954 1083 1139 1160 tractatum,
1155 1079 1229 1146 huie
1244 1081 1314 1145 looo
1331 1080 1432 1146 simil-

308 1181 447 1267 limum).
493 1179 554 1248 Sed
575 1186 701 1267 praeter
723 1183 990 1266 exspectationem
1011 1187 1133 1248 mutato
1156 1181 1262 1248 subito
1278 1184 1432 1250 emtionis

309 1285 422 1365 eolore,
443 1283 519 1369 quid
541 1303 613 1348 uere
634 1284 672 1348 de
696 1283 816 1349 domini
839 1283 1004 1350 blanditiis
1027 1285 1155 1368 cogitet,
1179 1287 1340 1372 supponit.
1364 1324 1406 1334 -

392 1386 504 1454 Restat
530 1392 702 1473 postremo,
732 1392 767 1451 ut
793 1388 983 1474 explicetur,
1019 1389 1286 1472 quemadmodum
1319 1395 1432 1476 poetae

309 1511 418 1578 prove.
441 1489 556 1556 fabulis
577 1490 818 1556 immiscuerint.
863 1489 995 1576 Duplici
1017 1495 1125 1556 autem
1148 1490 1243 1557 modo
1266 1493 1300 1558 in
1322 1512 1433 1558 eornm

309 1598 471 1659 struature
492 1597 673 1658 versantur-2
695 1593 765 1658 Aut
787 1594 882 1672 enim,
905 1597 943 1658 nt
966 1613 1065 1678 supra
1080 1594 1341 1677 significavimus,
1356 1600 1433 1661 nota

309 1697 342 1761 in
364 1695 522 1782 proverbii
547 1699 696 1759 naturam
725 1695 909 1779 quadrante,
937 1695 1039 1760 velut:
1074 1701 1176 1776 ,vetus
1203 1702 1252 1763 est
1278 1698 1432 1780 verbnm,

311 1797 437 1878 ,seitum
460 1801 528 1877 est‘,
552 1797 663 1878 ,aiunt‘
687 1802 755 1872 oet,
780 1818 859 1883 quae
883 1799 974 1883 quasi
997 1800 1202 1864 formularum
1226 1801 1363 1887 speeiem
1377 1800 1432 1866 ha·

309 1901 393 1976 bent,
417 1899 585 1988 proverbia
607 1898 724 1964 diserte
746 1901 984 1986 praenuntiant,
1008 1906 1065 1967 aut
1087 1900 1171 1966 nuda
1199 1903 1336 1968 orationi
1358 1904 1433 1968 sirn-

309 2003 434 2090 plieiter
455 2004 609 2069 inserunt.
654 2002 760 2068 Priore
782 2003 839 2068 illa
857 2004 980 2068 ratione
996 2024 1147 2091 personae
1163 2005 1344 2071 eomoediae
1358 2025 1431 2091 pru-

311 2097 420 2174 dentes
450 2126 487 2172 ao
518 2107 652 2172 seientes
679 2105 720 2170 ad
742 2095 820 2171 liaeo
846 2107 932 2172 dicta
958 2112 1148 2192 provocant3
1181 2127 1245 2192 qua
1271 2108 1309 2172 de
1335 2128 1433 2174 eausa

310 2231 348 2276 ea
369 2229 466 2296 quam
488 2209 726 2274 accuratissime
749 2213 781 2274 et
802 2208 911 2274 eadem
932 2210 996 2274 tere
1018 2211 1130 2290 forma,
1153 2230 1216 2295 qua
1230 2211 1263 2275 in
1278 2211 1366 2296 vulgi
1380 2231 1433 2276 ore

310 2311 530 2391 versabantur,
553 2311 698 2392 reddunt,
722 2313 789 2378 eive
811 2313 931 2378 dimota
959 2314 1111 2393 oratione,
1139 2315 1242 2396 magis
1271 2314 1377 2380 vivida
1402 2319 1434 2379 et

311 2414 463 2480 alaeriore
476 2416 611 2479 utentes
633 2414 687 2496 (el.
711 2413 810 2479 Andr.
835 2416 907 2479 805.
931 2413 1014 2480 Eun.
1040 2415 1111 2479 732·ο
1136 2415 1259 2481 Phorm.
1286 2418 1336 2481 77.
1360 2419 1431 2492 419.

311 2518 479 2582 toalea.
503 2513 603 2582 Heau.
627 2518 698 2581 796.
723 2515 799 2584 Cist.
822 2517 862 2598 ll,
888 2521 914 2592 l,
939 2518 989 2582 30.
1012 2515 1105 2583 Poen.
1128 2517 1151 2600 l,
1178 2522 1205 2599 l,
1230 2521 1258 2583 7.
1280 2519 1304 2600 l,
1327 2521 1356 2595 2,
1381 2520 1432 2584 28.

310 2618 364 2700 IV,
387 2619 416 2700 2,
438 2620 488 2684 54.
511 2617 605 2686 Most.
619 2618 672 2700 lll,
689 2621 716 2696 2,
740 2622 806 2686 104.
830 2619 918 2686 True.
933 2619 971 2701 V,
987 2622 1037 2686 40.
1053 2619 1106 2698 lV,
1123 2623 1152 2698 4,
1170 2622 1220 2686 32.
1244 2619 1343 2688 Stieh.
1361 2623 1433 2687 707.-

311 2723 402 2788 llein.
430 2722 498 2787 186.
522 2721 606 2787 Trin.
631 2723 702 2786 351.
727 2720 798 2788 Ges.
822 2722 859 2799 V,
883 2725 914 2804 4,
942 2724 1006 2807 11.)
1029 2725 1096 2790 sive
1129 2723 1293 2804 indirecta,
1319 2725 1368 2791 ita
1396 2730 1435 2790 nt

309 2825 398 2892 notio
420 2825 477 2890 illa
498 2826 676 2912 praemissa
698 2825 795 2890 simul
816 2845 880 2890 vox
902 2827 952 2902 sit,
975 2826 1058 2892 unde
1081 2845 1213 2912 sequens
1231 2827 1433 2915 prouerbium

310 2933 383 2996 oum
404 2927 561 2994 infinitivo
584 2929 728 2995 iunctum
750 2928 887 3014 pendeat
909 2929 964 3012 (el.
987 2929 1087 2996 Andr.
1111 2931 1183 2994 426.
1205 2929 1341 3016 Adelph.
1361 2931 1432 2996 804.
1541 2993 1546 3001 .

311 3030 413 3098 Hean.
437 3032 606 3096 alelen.
630 3029 723 3096 Mero.
739 3028 792 3110 IV,
816 3033 844 3109 4,
869 3031 920 3095 31.
943 3030 1035 3096 True.
1053 3031 1106 3112 IV,
1128 3034 1159 3112 4,
1181 3032 1250 3117 32.)
1279 3069 1321 3078 —-
1347 3029 1434 3098 Haeo

311 3137 417 3200 eutem
440 3154 550 3220 prorv.
573 3133 693 3220 primae
716 3137 840 3198 tantum
863 3152 1016 3218 personae
1039 3133 1077 3198 de
1094 3153 1127 3200 se
1144 3138 1201 3200 ant
1215 3134 1253 3200 de
1275 3135 1434 3200 universis

309 3236 493 3303 hominibus
517 3238 677 3324 (proquo
701 3236 900 3302 sanealtera
927 3255 1053 3320 quoque
1079 3237 1167 3303 verbi
1195 3257 1330 3324 persona
1357 3239 1435 3324 poni

310 3344 426 3427 potest,
450 3340 507 3406 sed
529 3360 567 3404 ea
581 3338 705 3404 infinita
721 3338 776 3404 ubi
788 3359 847 3404 nos
870 3339 1016 3420 dioimus,
1043 3343 1167 3424 „1ttou¹¹)
1189 3341 1434 3428 ampleetrmtur.
1482 3330 1484 3333 ’

309 3441 444 3529 Reliqua
465 3462 550 3518 vero,
574 3441 632 3507 tali
653 3441 771 3507 indicio
796 3441 884 3508 haud
906 3441 1071 3519 instructa,
1095 3444 1142 3509 ita
1161 3445 1299 3510 sermoni
1314 3445 1435 3511 inserta

311 3549 396 3626 sunt,
418 3550 457 3611 nt
478 3543 659 3610 comoediae
681 3563 837 3637 personae
862 3566 926 3611 non
956 3547 1138 3612 eommunia
1166 3546 1308 3612 omnium
1338 3546 1433 3625 dieto,

311 3646 368 3714 sed
389 3667 449 3714 sua
469 3647 623 3734 ipsorum,
646 3647 730 3713 inter
750 3647 944 3734 loquendum
966 3649 1074 3735 ipsum
1087 3650 1217 3714 inventa
1231 3650 1280 3714 vel
1297 3649 1435 3717 subnata

311 3751 518 3838 pronuntiare
542 3749 717 3816 videantur.
761 3750 869 3837 ltaque
891 3751 1100 3838 proverbialis
1123 3755 1238 3818 natura
1259 3752 1374 3819 harum
1389 3755 1434 3820 le·

312 3853 474 3920 eutionum
496 3852 686 3919 obscuratur
708 3854 816 3940 potius
845 3874 942 3940 quarn
968 3855 1002 3920 in
1031 3873 1123 3919 aures
1151 3854 1351 3941 impingitur,
1379 3877 1435 3923 nee

311 3976 431 4044 prosu,
455 3956 501 4022 sie
514 3960 681 4043 usurpata,
699 3975 718 4022 a
733 3958 845 4024 ceteris
860 3957 1013 4024 cotidiani
1028 3957 1182 4024 sermonis
1197 3957 1330 4026 voeibus
1345 3960 1433 4046 quid-

312 4077 409 4146 quam
431 4059 580 4125 videntur
602 4057 735 4126 differre.
781 4060 888 4146 Atque
910 4079 947 4125 eo
971 4061 1072 4144 magis
1088 4060 1452 4149 proverbialisspeeiee·

311 4161 484 4243 evanescit,
518 4161 606 4248 quod
632 4182 841 4248 unaquaeque
863 4183 1000 4251 persona
1028 4162 1067 4228 de
1097 4165 1210 4250 quavis
1236 4164 1336 4230 altera
1358 4163 1435 4232 haee

311 4265 488 4352 promiscue
516 4266 550 4330 in
580 4284 673 4332 suum
701 4285 875 4332 sermonem
903 4266 1062 4332 transfert.
1114 4265 1224 4354 ltaque
1250 4266 1435 4334 huiusmodi
1521 4355 1523 4360 ,
