3274 4964
302 1063 649 1146 SENTENTIAE
673 1063 1131 1150 CONTROVERSAB.

154 1357 181 1418 Ι.
221 1351 290 1418 Ter.
313 1350 393 1417 Eun.
410 1349 488 1415 496:
512 1349 645 1431 ‚domini
667 1351 782 1418 similis
804 1355 848 1418 es‘
870 1353 904 1418 iu
926 1357 974 1434 ,tu
996 1355 1080 1421 asini
1101 1358 1216 1426 similis
1238 1361 1282 1425 es‘

222 1470 444 1556 corrigendum
466 1489 536 1556 ssse
559 1477 648 1557 puto.

156 1593 181 1658 Ι.
221 1591 323 1657 Plaut.
346 1589 430 1656 Trin.
449 1591 511 1654 804
534 1591 669 1656 conicio:
693 1590 850 1658 Continuo
874 1597 919 1657 tu
941 1593 1040 1679 operi.

158 1713 181 1779 3.
220 1709 373 1778 Eiusdem
389 1709 481 1796 Capt.
497 1709 534 1791 Π,
551 1712 579 1787 2,
599 1712 658 1775 102
681 1710 759 1776 haec
781 1717 860 1798 puto
883 1711 1033 1778 Plautum
1056 1714 1236 1799 scripsisse:

280 1829 384 1908 Quam
406 1830 571 1896 citissume
593 1833 701 1916 potest
722 1829 790 1906 hoe,
815 1835 882 1896 tam
904 1831 1005 1897 celere
1027 1829 1175 1898 effectum
1198 1833 1279 1900 volo.

161 1955 181 2018 Ι
218 1949 290 2018 Tac.
312 1949 428 2017 Annal.
445 1950 467 2027 1,
493 1952 520 2026 l,
546 1952 580 2013 li
608 1947 711 2035 Lipsii
738 1953 771 2015 et
795 1947 914 2015 Mureti
940 1951 1111 2037 scriptura:
1141 1950 1278 2029 ,detere-

217 2075 340 2137 rentur‘
362 2067 528 2157 probanda
550 2074 609 2134 est.

160 2195 179 2258 5.
216 2190 295 2257 Hor.
319 2211 366 2278 ep.
390 2191 417 2272 Ι,
442 2192 496 2271 10,
524 2189 565 2255 37
599 2189 806 2276 comprobata
839 2188 975 2277 Hauptii
1007 2191 1190 2256 coniectura
1224 2191 1278 2276 (cf.

216 2310 334 2397 Opuse.
351 2310 402 2392 ΠΙ,
417 2333 448 2397 p.
464 2311 522 2394 46)
545 2308 747 2375 scribendum
770 2313 833 2374 est:
857 2309 963 2374 vieto
986 2309 1134 2376 ridens.

158 2432 177 2496 6.
212 2431 563 2514 Aesch.Agam.1410
585 2427 728 2514 (Herm.)
752 2429 886 2509 scribor

277 2549 383 2638 εὖκτῆς
405 2551 634 2636 παροψώνημα
655 2554 707 2636 τῆς
729 2550 804 2635 ἐμῇς
823 2550 940 2635 χλιδῆς.

211 2669 320 2738 Libri:
342 2667 441 2758 εὐνῆς.

162 2792 183 2856 i.
216 2791 342 2859 Gallim.
365 2791 396 2856 h.
419 2791 453 2856 in
474 2789 569 2858 Dian.
592 2789 670 2854 207:
698 2801 765 2866 τοῖς
789 2789 837 2854 ἔνι
858 2789 955 2874 κούρη
980 2787 1171 2854 mutandum
1199 2793 1276 2875 puto

216 2913 264 2978 in:
286 2912 431 2988 τοτςὲτι
453 2911 559 2995 κούρη.

160 3031 181 3094 8.
216 3029 253 3096 In
268 3029 412 3097 eiusdem
427 3029 457 3095 h.
470 3030 504 3094 in
517 3027 648 3096 Lavaor.
662 3027 740 3094 Pali.
756 3030 795 3093 14
810 3034 842 3094 et
858 3029 897 3093 37
913 3025 1064 3093 librorum
1081 2991 1272 3116 scripturae:

217 3147 399 3228 δπαξονίων
414 3155 448 3215 et
462 3151 587 3228 ἐδίδαξε
602 3148 794 3232 retinendae,
810 3147 846 3213 0.
862 3146 1045 3214 Schneidsri
1061 3147 1273 3213 coniecturae:

216 3268 270 3337 ὑπ’
293 3268 430 3347 ἀξονίων
452 3275 485 3334 et
508 3269 525 3335 δ
549 3271 659 3348 δίδαξε
682 3267 860 3335 reiciendas
882 3273 965 3334 sunt.
