3274 4964
755 373 964 436 „40-

290 544 471 631 ¹sententia,
497 563 561 609 non
587 541 768 628 proverbio,
794 540 944 608 Donatus
975 540 1074 608 habet
1107 543 1205 608 etiam
1238 541 1339 608 Andr.
1367 545 1427 609 61:

293 643 427 732 ‚nequid
447 643 555 712 uimis‘
577 649 611 710 et
632 643 771 730 Adelph.
788 645 851 707 804
874 643 929 726 (of.
945 665 976 730 p.
995 645 1061 729 17),
1076 643 1133 710 ubi
1148 664 1281 730 prorsus
1295 649 1429 732 praeter

295 745 560 814 consuetudinem
587 766 690 827 suam,
718 746 780 810 etsi
803 745 971 812 Terentius
997 746 1069 832 ipse
1097 746 1303 832 proverbium
1329 767 1428 832 prae-

293 848 433 929 nuntiat,
455 848 502 914 nil
523 847 583 913 hae
605 847 646 912 de
668 868 702 913 re
725 852 844 914 monet.

379 951 427 1018 At
448 953 571 1016 restant
592 949 643 1015 his
666 951 809 1036 exceptis
832 950 1004 1036 complura,
1028 951 1127 1016 etiam
1143 949 1273 1017 Graeeis
1296 951 1425 1037 pervul-

293 1059 378 1137 gata
410 1071 491 1138 quae
520 1072 539 1117 a
571 1051 767 1135 generalium
804 1052 1034 1118 sententiarum
1067 1054 1172 1139 speeie
1205 1073 1337 1139 prorsus
1370 1053 1426 1119 ab·

293 1157 432 1233 horrent,
455 1175 557 1240 neque
579 1160 689 1220 tamen
705 1175 724 1220 a
738 1153 866 1222 Donato
882 1155 1043 1240 proverbii
1058 1156 1143 1220 notis
1158 1156 1317 1222 instructa
1338 1159 1425 1222 sunt.

291 1259 395 1325 Loeos
418 1262 537 1336 autem,
559 1257 615 1342 qui
637 1257 700 1322 huo
721 1256 888 1342 quadrant,
908 1257 1094 1323 examinans
1110 1259 1217 1324 neseio
1232 1279 1273 1324 au
1287 1245 1426 1326 fortusse

295 1366 417 1426 reetam
439 1359 535 1426 huius
559 1359 679 1424 silentii
705 1378 836 1424 eausam
865 1358 1051 1426 detexerim.
1096 1359 1253 1426 Praebent
1280 1361 1366 1426 enim
1391 1361 1425 1426 hi

293 1463 355 1528 looi
376 1482 442 1528 non
463 1482 586 1527 meram
610 1481 648 1527 ao
669 1480 785 1548 puram
808 1463 969 1548 proverbii
990 1465 1136 1544 formam,
1161 1464 1265 1549 qualis
1287 1465 1321 1528 in
1335 1463 1426 1546 vulgi

294 1585 348 1632 ore
370 1564 568 1640 versabatur,
592 1601 634 1610 —-
657 1563 731 1628 soil:
754 1564 889 1648 loquens
912 1585 1050 1651 persona
1076 1565 1133 1631 illa
1158 1565 1245 1631 dieta
1275 1571 1332 1631 aut
1361 1567 1426 1630 sin·

292 1667 431 1752 gillatim
455 1666 496 1732 ad
519 1686 553 1732 se
576 1666 673 1733 refert
695 1671 750 1732 aut
771 1668 920 1734 universe
944 1668 1130 1754 pronuntiat
1148 1705 1189 1714 —-
1206 1669 1262 1734 sed
1277 1669 1432 1734 obseura-r

297 1776 352 1835 tur
374 1770 468 1854 quasi
489 1769 699 1855 proverbialis
722 1770 845 1855 speeies
873 1789 920 1844 eo,
948 1769 1035 1855 quod
1065 1790 1084 1835 a
1110 1769 1260 1855 loquente
1287 1789 1426 1857 persona

294 1873 333 1937 ad
356 1872 502 1958 quamvis
524 1891 696 1958 personam
718 1872 786 1936 sive
809 1870 944 1936 alteram
973 1873 1041 1938 sive
1072 1875 1211 1948 tertiam,
1240 1872 1326 1938 haud
1353 1872 1425 1937 uni·

293 1995 384 2041 verse
413 1974 469 2040 sed
491 1973 619 2041 definite
639 1975 831 2040 referuntur.
867 1972 979 2058 ltaque
995 1974 1073 2040 haee
1088 1975 1215 2040 videtur
1229 1994 1328 2040 eausa
1343 1993 1423 2048 esse,

293 2099 350 2146 our
372 2076 518 2143 Donatus
534 2075 576 2142 ad
590 2075 666 2166 Heo.
684 2078 764 2143 696:
798 2075 894 2142 Plane
922 2075 982 2141 hie
1008 2076 1176 2142 divinat‘
1201 2077 1420 2163 adscripserit:

294 2179 387 2259 ,unde
410 2178 630 2266 proverbium:
655 2178 745 2243 aiunt
767 2178 944 2244 divinare
968 2177 1213 2264 sapientem!
1249 2178 1320 2244 lloo
1335 2179 1421 2244 enim
1474 2263 1476 2268 Ι

293 2282 398 2346 estin
420 2281 605 2346 universum
628 2280 750 2346 dietum
773 2285 806 2345 et
828 2280 1014 2363 generatim,
1037 2279 1117 2345 illud
1136 2281 1324 2366 pronomine
1340 2280 1420 2360 ,hio',

297 2384 429 2460 adiecto,
457 2383 587 2469 proprie
615 2387 648 2448 et
675 2382 812 2448 definite.
845 2423 881 2432 -
916 2382 996 2448 Item
1023 2403 1098 2447 vero
1128 2403 1178 2448 res
1208 2402 1242 2450 se
1269 2382 1365 2449 habet
1387 2385 1421 2448 in

292 2485 375 2552 Eun.
400 2487 476 2550 379:
494 2485 677 2571 ,pertuleris
692 2490 729 2551 tu
745 2493 823 2561 me‘,¹
833 2485 889 2552 ubi
904 2483 1053 2551 Donatus
1076 2486 1224 2552 adnotat:
1241 2485 1332 2550 Unde
1347 2505 1421 2572 pro-

294 2587 458 2654 verbium:
484 2587 574 2663 ,bene
598 2587 662 2667 (vel
687 2588 809 2672 potius:
833 2591 947 2673 paene)
977 2588 1155 2674 plaustrem
1183 2588 1324 2675 perouli.'
1369 2586 1424 2653 Sio

294 2690 380 2755 enim
402 2689 573 2774 legendum
596 2709 665 2762 esse
688 2691 842 2776 suspicor,
866 2710 939 2766 non,
963 2695 999 2756 ut
1024 2689 1120 2773 vulgo
1146 2691 1264 2755 editur:
1300 2709 1419 2776 ‚pereu-

294 2791 365 2868 lit',
390 2792 495 2878 qualis
516 2794 628 2869 forma,
651 2813 785 2880 prorsus
807 2812 889 2875 vaga
912 2798 1007 2877 atque
1028 2793 1159 2872 incerta,
1187 2793 1349 2878 proverbii
1372 2812 1426 2856 ra—

294 2895 376 2961 tioni
392 2894 476 2960 male
492 2896 668 2960 conveniat.
705 2893 841 2981 Propter
855 2893 936 2960 hano
951 2895 1048 2978 igitur
1064 2896 1247 2980 opinionem
1262 2895 1423 2969 Donatus,

297 2998 325 3062 si
348 2996 427 3082 quid
450 2997 553 3073 video,
579 2996 772 3082 proverbiali
798 2997 963 3063 notatione
993 2997 1133 3064 abstinet
1162 2999 1202 3062 ad
1228 2996 1287 3064 hos
1320 2997 1427 3062 lotos,

295 3099 434 3186 Adelph.
460 3101 530 3176 739,
553 3099 679 3166 Phorm.
703 3100 776 3162 495.
800 3097 876 3163 Heo.
900 3101 972 3164 810.
990 3100 1062 3164 214.
1085 3099 1185 3164 Andr.
1209 3101 1281 3175 658,
1306 3100 1421 3186 quibus

294 3200 392 3267 addo:
415 3203 515 3268 Andr.
543 3203 616 3266 189:
1367 3261 1370 3266 ,

178 3308 182 3318 ’
379 3304 457 3373 Hie
480 3304 548 3370 dies
572 3303 670 3368 aliam
692 3303 793 3368 vitam
816 3301 924 3378 defert,
949 3301 1030 3367 alios
1045 3323 1151 3369 mores
1167 3303 1319 3389 postulat.
1360 3303 1410 3368 Si.

295 3406 382 3491 quod
405 3405 492 3493 apud
515 3403 588 3470 Zeu.
616 3406 688 3480 122
712 3404 758 3470 sie
780 3405 894 3469 fertur:
918 3404 1016 3482 ἄλλος
1038 3412 1110 3492 βίος
1130 3406 1210 3492 ἄλλη
1233 3408 1349 3472 δίαιτα.

351 3506 353 3511 ’
378 3508 458 3574 Eun.
481 3508 560 3572 426:
582 3504 689 3592 Lepus
711 3510 781 3574 tute
803 3526 837 3572 es
860 3511 892 3572 et
913 3507 1116 3594 pulmentum
1139 3494 1285 3594 quaeris?
1310 3508 1385 3574 ‘Tb

292 3612 385 3697 quod,
410 3611 472 3676 etsi
493 3608 654 3695 Vopiscus
676 3609 716 3674 de
738 3607 938 3675 Numeriano
957 3612 996 3673 14
1010 3607 1094 3676 Livii
1110 3611 1284 3677 Andronici
1300 3611 1423 3680 dietum

293 3733 363 3780 1111
385 3717 495 3780 narrat
522 3712 575 3795 (of.
599 3711 693 3780 Ribb.
708 3712 809 3796 vfrgm.
834 3731 913 3778 eom.
937 3734 968 3800 p.
992 3716 1035 3794 4),
1070 3714 1137 3780 sine
1167 3713 1264 3780 dubio
1295 3733 1334 3780 ex
1361 3714 1423 3779 hoo

293 3814 416 3882 Graeoo
444 3814 603 3879 manavit:
642 3815 807 3890 δασύπους
834 3819 934 3900 κρεῶν
963 3817 1124 3900 ἐπιθυμεῖ.
1155 3814 1420 3899 (of.Diog.4,12

291 3922 325 4005 et
345 3913 425 3982 Mae.
448 3917 544 3994 639).

380 4016 498 4083 Verum
509 4017 587 4083 haec
598 4039 671 4103 mea
682 4021 852 4096 sententia,
873 4039 969 4106 quam
989 4020 1084 4086 modo
1102 4020 1141 4088 de
1153 4018 1273 4087 Donati
1294 4019 1425 4087 silentio

291 4119 421 4212 protuli,
445 4120 531 4208 pullo
548 4126 643 4207 paeto
666 4122 851 4206 infringitur
865 4121 925 4189 boo
940 4123 1023 4188 loco:
1046 4121 1172 4190 Phorm.
1191 4123 1267 4188 780:
1293 4123 1336 4204 ,in
1350 4122 1424 4212 lgtp

290 4220 466 4314 haesitae,
495 4228 609 4318 utpote
638 4225 691 4290 eni
720 4223 869 4291 Donatus
900 4224 990 4292 salva
1004 4287 1006 4293 ,
1019 4245 1077 4290 sua
1104 4223 1336 4310 consuetudine
1365 4223 1426 4311 pd-
