3274 4964
752 432 965 494 ..44-

289 594 396 679 -a,1v‚
419 600 451 674 7,
481 599 577 680 alias,
610 597 757 666 Terentio
789 603 985 686 potestatem
1016 605 1049 666 et
1075 603 1302 668 nenessitatem
1326 609 1422 690 quasi

291 700 485 786 imposuisse
501 723 578 768 suae
593 705 684 789 ipsus
699 701 818 769 indolis
834 701 1016 787 sequendae
1029 701 1210 770 Grauertus
1224 705 1258 770 in
1272 707 1419 774 Analeet.

290 825 344 891 pp.
364 805 530 870 147-173
552 804 717 888 ingeniose
743 803 887 890 dispexit
919 809 952 870 et
984 805 1210 890 comprobavit.
1255 806 1322 874 lam
1345 828 1419 875 vero

291 907 325 974 in
356 906 407 972 his
440 907 522 992 ipsis
551 907 656 974 soenis
669 906 739 972 illa
766 925 878 994 provr.
906 911 1078 972 oeourrunt
1105 908 1262 989 Romana3
1293 911 1360 976 soil.
1384 912 1417 977 in

289 1005 372 1074 Eun.
397 1009 470 1090 348,
492 1009 550 1075 ubi
571 1009 735 1095 parasitus
751 1027 825 1074 eum
840 1008 956 1075 aneilla
970 1015 1177 1090 memoratur,
1201 1017 1236 1076 et
1248 1013 1282 1077 in
1297 1033 1327 1078 v.
1344 1014 1416 1090 815,

287 1109 345 1177 ubi
366 1110 495 1188 Thraso,
520 1111 560 1177 eb
582 1112 708 1197 impetu
728 1110 783 1176 illo
805 1109 941 1178 ridieulo
961 1110 1161 1178 diseessurus
1177 1114 1223 1178 sio
1237 1116 1417 1198 parasitum

288 1213 492 1280 adhortatur:
539 1211 666 1293 ,Domi
703 1214 864 1299 fecique
900 1213 952 1280 feo
985 1218 1024 1280 ut
1056 1216 1267 1282 memineris‘.
1312 1219 1415 1303 Atqui

286 1314 459 1382 Thrasonis
487 1321 519 1381 et
544 1317 678 1402 parasiti
700 1334 853 1402 personas
883 1336 901 1381 e
927 1315 1191 1383 1111111111-
1213 1339 1278 1383 non
1300 1316 1413 1386 Naevii

286 1423 318 1483 et
344 1418 452 1484 Plauti
478 1417 605 1500 Celeus,
631 1419 665 1484 id
691 1419 774 1503 quod
803 1417 1039 1486 Klussmannus
1061 1419 1081 1484 l.
1098 1420 1119 1484 l.
1139 1441 1193 1506 pp.
1213 1423 1272 1485 142
1296 1428 1329 1487 et
1353 1427 1413 1488 144

284 1521 405 1586 nestra
427 1541 478 1586 me
499 1520 604 1587 indioe
625 1520 841 1587 demonstrare
860 1527 991 1587 conatus
1014 1527 1064 1588 est
1082 1559 1123 1570 —-
1143 1523 1317 1591 translatas
1340 1546 1412 1591 oum

285 1622 425 1688 eiusdem
446 1621 646 1689 Menandri
667 1622 812 1689 Eunuchi
835 1625 981 1709 personis
997 1644 1031 1689 se
1047 1626 1280 1692 contaminasse
1295 1626 1411 1696 Teren-

284 1725 348 1791 tius
376 1726 506 1812 ipsein
533 1719 627 1810 prol.
650 1747 679 1790 u.
701 1725 845 1790 :re-33
873 1726 971 1792 libere
1000 1727 1127 1796 fatetur.
1172 1727 1207 1793 ln
1234 1727 1285 1794 his
1314 1729 1412 1812 igitur

284 1829 395 1908 saenis,
419 1848 500 1913 quae
524 1829 564 1894 ab
586 1829 748 1894 imitatore
774 1830 923 1913 quemvis
947 1828 1047 1911 fidon,
1075 1832 1166 1915 quasi
1192 1831 1410 1916 postulabant,

227 1935 320 1996 ‘Qut
342 1931 410 2016 ipse
432 1931 595 2013 ingenium
624 1951 718 1996 suum
744 1937 920 2012 exerceret,
947 1932 1114 2018 probabile
1143 1932 1192 2011 fit,
1220 1939 1350 2018 poetam
1370 1935 1410 2000 de

282 2052 341 2098 suo
365 2032 535 2106 addidisse,
560 2053 642 2118 quae
663 2032 704 2098 ad
719 2033 799 2098 bene
815 2033 1077 2099 contaminandas
1091 2033 1216 2100 fabulas
1231 2039 1413 2104 necessaria

281 2136 313 2200 ei
333 2134 534 2201 videbantur.
565 2134 629 2202 Sed
651 2137 815 2202 euxeritns
837 2137 870 2201 in
892 2136 944 2202 his
965 2140 1063 2221 poeta
1084 2155 1196 2221 reapse
1219 2135 1415 2204 Graecorum

280 2237 406 2302 fabulas
429 2258 470 2302 en
492 2238 664 2302 mutaverit
685 2241 811 2303 tantum
832 2239 889 2318 ita,
911 2243 957 2319 ut,
984 2257 1063 2322 quae
1086 2241 1119 2304 in
1141 2241 1318 2326 exemplari
1339 2261 1411 2326 pro-
1535 2291 1542 2297 -

279 2339 348 2424 prio
383 2341 416 2403 et
446 2339 633 2424 simpliciter
664 2340 873 2427 pronuntiata
898 2341 1052 2426 repperit,
1086 2342 1157 2426 ipse
1189 2343 1223 2408 in
1243 2344 1412 2428 ,proverbii

278 2441 414 2524 liguram
446 2441 617 2524 redigeret,
651 2441 734 2508 hane
763 2444 995 2527 quaestionem,
1028 2445 1224 2510 testimoniis
1239 2444 1410 2535 destituti,
1492 2494 1496 2499 -

279 2543 428 2609 dirimere
451 2563 515 2610 non
537 2563 720 2631 possumus,
748 2544 820 2624 sed,
851 2565 922 2610 oum
946 2544 988 2610 ad
1011 2565 1170 2612 summum
1193 2551 1322 2614 nestrae
1346 2549 1409 2614 dis-

278 2646 458 2731 putationis
481 2647 648 2713 eensilium
662 2646 831 2734 paululum
846 2647 897 2713 vel
911 2647 958 2712 nil
979 2646 1097 2714 hebeat
1114 2648 1277 2734 ponderis,
1299 2657 1410 2717 nosne

279 2748 348 2812 iure
369 2749 404 2812 in
424 2748 531 2814 medio
561 2749 637 2815 lieet
658 2750 843 2833 relinquere.
890 2748 976 2816 Setis
997 2750 1092 2816 nobis
1115 2758 1173 2832 est,
1196 2753 1257 2817 hee
1280 2753 1410 2820 demon-

279 2855 409 2931 strasse,
431 2852 465 2916 in
486 2852 645 2918 nonnullis
667 2853 780 2932 seenis,
802 2853 836 2917 in
859 2853 971 2938 quibus
993 2858 1109 2939 poetae
1132 2860 1165 2920 et
1191 2861 1405 2942 opportunum

279 2959 347 3018 erat
368 2959 400 3018 et
425 2956 651 3035 necessarium,
679 2953 836 3039 quaedam
863 2960 920 3020 aut
945 2960 1071 3022 mutere
1100 2962 1157 3022 aut
1179 2956 1311 3038 addere,
1333 2961 1406 3045 ipsa

278 3055 334 3120 ille
355 3056 523 3141 proverbia
544 3057 650 3122 loeum
676 3055 809 3137 habere,
836 3077 972 3141 quorum
1001 3058 1145 3124 Romana
1171 3061 1271 3146 stirps
1294 3059 1344 3127 vel
1366 3082 1406 3126 ex

279 3159 477 3240 argumentis
500 3157 627 3224 aliunde
649 3158 758 3242 petitis
780 3159 838 3245 per
860 3178 894 3223 se
917 3158 1044 3243 quidem
1065 3165 1164 3246 patet.

200 3263 201 3268 ’
363 3259 434 3327 Η11
455 3261 561 3344 igitur,
585 3258 670 3345 qued
688 3259 833 3325 11111111
850 3262 976 3344 singula
990 3263 1082 3328 nobis
1097 3264 1240 3329 videmur
1255 3263 1409 3347 effecisse,

277 3361 449 3454 tenendum
476 3367 537 3433 est:
569 3360 700 3427 Praeter
728 3362 906 3448 proverbia,
930 3385 947 3428 1
970 3363 1093 3431 Graeco
1120 3385 1264 3433 sermone
1294 3373 1405 3453 aperte

278 3463 446 3544 translata,
469 3465 672 3550 reperiuntur
694 3463 780 3550 apud
802 3464 982 3532 Terentium
1006 3467 1083 3550 alia,
1113 3489 1130 3534 e
1152 3470 1323 3535 vernacula
1343 3471 1408 3535 liu·

268 3583 343 3646 ,gua
364 3567 475 3652 petita.
514 3565 602 3631 Haeo
625 3570 745 3648 autem,
775 3587 847 3633 oum
869 3569 1023 3634 nonnulle
1045 3571 1200 3655 quaedam
1223 3575 1406 3639 eommunia

276 3667 417 3735 habeant
438 3688 511 3732 eum
534 3670 662 3750 esteris,
685 3690 766 3755 quae
788 3691 828 3736 111
848 3670 993 3738 Romano
1015 3674 1103 3739 fonte
1123 3673 1254 3744 fluxisse
1279 3681 1407 3742 tanturm·
1541 3733 1546 3742 .

277 3762 418 3856 ¹suspieie
441 3775 506 3850 est,
529 3807 571 3818 ·—
594 3771 665 3838 soil:
692 3772 815 3838 nullam
836 3771 1033 3840 Graeeorum
1054 3776 1296 3862 proverbiorum
1318 3797 1408 3843 eem-

277 3873 493 3957 peratienem,
526 3871 614 3938 nuilla
639 3872 759 3941 Donati
789 3876 976 3943 testimonie
1007 3915 1049 3924 —
1081 3897 1158 3943 num
1191 3878 1324 3946 calidius
1354 3881 1406 3946 rel

277 3971 432 4038 andeolus
460 3974 734 4054 ratiocinabimur,
769 3978 868 4044 etiem
901 3984 1006 4044 uetera
1031 3979 1103 4061 ille,
1138 4000 1333 4066 quamquam
1363 3981 1405 4048 de

278 4073 412 4157 singulis
427 4074 552 4142 decerni
567 4097 631 4143 non
645 4084 762 4165 petest,
781 4101 815 4146 re
830 4101 907 4146 vera
922 4101 991 4148 esse
1005 4082 1176 4168 proverbia
1190 4083 1406 4150 Remamrum

276 4177 425 4262 propria?

362 4276 433 4345 lloo
466 4286 573 4348 autem
606 4285 634 4350 si
667 4303 778 4350 verum
811 4291 874 4368 est,
909 4285 1088 4352 Terentium
1120 4286 1265 4355 Romane
1294 4308 1403 4375 prens.
