3274 4964
683 455 873 516 -9,

213 641 295 702 esse,
320 621 377 686 sed
399 623 505 707 ipsum
527 623 628 687 fatum
650 623 684 686 in
707 643 740 688 se
762 625 909 705 traxisse,
936 625 984 689 ita
1005 630 1041 690 ut
1062 630 1226 711 tamquam
1248 627 1341 691 seriei

214 724 283 789 sine
305 723 372 790 nlla
394 743 451 808 spe
475 721 587 788 salutis
610 722 672 790 sibi
693 723 889 810 pereundum
912 745 982 790 esse
1004 727 1235 810 intellegat-
1252 727 1343 793 Haee

213 830 322 892 autem
344 845 417 890 mea
438 826 662 911 interpretatio
686 827 715 892 si
736 846 813 892 vera
835 830 896 902 est,
924 829 1072 894 continuo
1100 834 1150 896 est
1172 835 1279 895 aetum
1301 828 1340 894 de

215 925 369 1010 Soalgeri
395 928 592 1012 aliorumque
620 928 848 1014 explicatione,
875 947 971 1012 quam
998 932 1200 1015 propositam
1221 932 1341 996 inveni-

105 1097 110 1100 .
216 1049 286 1096 mus
309 1029 350 1096 ad

301 1130 406 1196 Plauti
421 1130 535 1197 Baeoh.
552 1131 627 1196 889:
656 1130 710 1208 ,Te
732 1133 848 1198 faeiem

221 1295 225 1302 .
268 1311 272 1317 ,
370 1231 609 1299 Confessiorem
631 1234 768 1300 soricina
788 1238 923 1302 naenia‘.
972 1236 1028 1301 01.

216 1333 331 1399 Nullus
354 1335 437 1400 enim
459 1334 519 1400 hoo
542 1335 612 1400 loeo
634 1355 739 1400 sermo
763 1342 813 1402 est
835 1337 874 1403 de
898 1339 1014 1414 sorite,
1042 1358 1153 1403 voeem
1175 1338 1341 1404 emittente

217 1436 352 1521 ideoque
375 1436 530 1522 deprenso
553 1442 586 1503 et
608 1438 760 1504 oonfosso.
806 1437 878 1515 Sed,
902 1441 965 1506 nisi
985 1442 1067 1506 forte
1087 1440 1260 1506 verendum
1283 1445 1340 1514 est,
1390 1520 1391 1523 Ἴ

216 1558 256 1604 116
283 1538 380 1604 verba
412 1539 565 1605 mendum
597 1541 766 1616 traxerint,
799 1546 884 1607 reete
919 1562 989 1607 eum
1010 1542 1183 1608 Aureliano
1211 1547 1243 1607 et
1270 1542 1342 1606 aliis

216 1639 442 1725 interpretibus
474 1642 578 1708 faeere
611 1642 704 1734 nobis
730 1642 886 1719 videmur,
922 1643 976 1730 qui
1003 1645 1169 1720 ‚naeniam‘
1196 1647 1341 1708 voeatum

216 1761 289 1806 esse
313 1761 410 1824 genus
434 1742 594 1826 quoddam
614 1743 790 1810 fareiminis
813 1765 853 1810 ex
868 1745 1002 1811 Arnobii
1024 1745 1095 1812 adv.
1116 1744 1209 1812 Geni.
1225 1745 1343 1814 libVll

220 1841 349 1917 dooent,
377 1847 410 1908 et
431 1844 618 1928 intellegunt
640 1866 767 1912 servum
788 1848 916 1922 minari,
941 1845 1165 1913 Cleomaohum
1186 1848 1220 1912 in
1242 1849 1343 1914 minu-

221 1943 363 2008 tissimas
385 1947 493 2029 partes
519 1966 538 2010 a
560 1967 594 2012 se
617 1949 777 2013 eonaisum
799 1948 847 2012 iri.

306 2045 400 2119 Poen.
416 2045 468 2122 IV,
488 2049 514 2123 2,
532 2051 586 2113 49:
617 2048 692 2116 Sine
714 2049 828 2135 pennis
851 2049 958 2114 volare
980 2048 1066 2114 haud
1086 2049 1220 2114 facilest.
1266 2047 1341 2133 Spa.

220 2149 270 2213 eui
302 2169 361 2234 par
392 2150 597 2235 proverbium
623 2150 842 2217 Boissonadus
878 2172 894 2217 e
928 2150 1035 2217 oodioe
1061 2151 1205 2216 Parisino
1232 2171 1263 2236 p.
1280 2151 1342 2215 396

219 2250 320 2318 edidit
350 2251 403 2335 (es.
427 2252 641 2336 Paroemiogr.
658 2254 685 2319 ll
703 2276 734 2340 p.
752 2255 848 2338 345)2·
877 2254 963 2330 ,ἄνευ
986 2260 1110 2339 πτερῶν
1132 2253 1226 2338 ζητεῖς
1247 2261 1342 2318 ἵπτα-

155 2427 156 2430 Ὶ
219 2358 323 2429 σθαιζ
359 2354 445 2437 quod
477 2357 636 2441 respioere
669 2355 796 2421 videtur
828 2355 969 2421 Eubulus
1003 2353 1113 2438 (Mein.
1135 2354 1176 2420 lll
1197 2375 1229 2439 p.
1251 2355 1343 2437 25⁴0:

218 2454 354 2540 ἄπτερος
377 2456 421 2522 ὧν
442 2459 571 2543 κούφως
592 2464 724 2522 πέτεται.
1339 2543 1341 2547 .

304 2558 477 2624 Heautont.
499 2560 574 2623 520:
612 2559 692 2624 Visa
719 2563 827 2626 verost
860 2558 944 2644 quod
977 2558 1041 2623 diei
1074 2546 1169 2624 solet:
1206 2558 1341 2642 Aquilae

372 2664 526 2726 senestus.
574 2659 626 2745 Sp.

220 2783 240 2826 a
262 2759 400 2827 Zenobio
417 2765 450 2837 2,
477 2763 517 2825 38
541 2759 661 2828 Graeoe
684 2763 861 2848 prolatum,
892 2763 932 2830 ab
960 2762 1135 2828 Aristotele
1158 2759 1198 2826 H.
1216 2761 1255 2826 A.
1273 2765 1304 2835 9,
1323 2763 1341 2824 2

220 2862 443 2948 explicatum.

304 2965 399 3031 Poen.
410 2965 446 3041 ll,
460 2968 488 3041 2,
502 2965 555 3030 40:
571 2965 736 3031 Neoabam
746 2966 844 3052 pinna
856 2986 913 3032 sua
925 2966 986 3032 sibi
998 2966 1089 3050 quasi
1100 2961 1265 3030 turturem.
1279 2965 1341 3028 Aa.

221 3066 290 3134 Hoo
311 3067 406 3133 modo
422 3067 570 3134 Plautum
589 3067 738 3133 existimo
761 3066 939 3133 reddidisse
956 3065 1113 3133 Graeoum
1127 3067 1342 3154 proverbium:

223 3185 296 3247 ,τοῖς
323 3175 438 3236 σαυτοῦ
465 3184 592 3252 πτεροῖς
617 3169 708 3256 ttae
732 3169 828 3254 (Mae.
845 3172 878 3246 8,
900 3171 973 3254 57),
1009 3162 1093 3254 quod
1125 3168 1253 3254 quidem
1287 3189 1344 3255 per

222 3271 416 3356 Aesehylum
439 3272 634 3338 celebratum
661 3293 731 3338 esse
763 3293 802 3337 ex
825 3272 929 3339 Sahal.
953 3271 995 3336 ad
1015 3271 1181 3356 Aristoph.
1204 3271 1264 3336 Av.
1282 3273 1342 3335 808

222 3372 338 3440 Suidas
361 3372 469 3439 tradit.
514 3373 596 3440 Huio
623 3375 792 3461 proverbio
819 3374 1037 3456 coniungimus
1063 3373 1141 3448 illud
1168 3373 1345 3456 significatu

222 3475 395 3550 diversum,
420 3475 478 3540 sed
500 3477 658 3542 sententia
681 3476 784 3541 simile
805 3474 1031 3540 Terentianum
1053 3473 1270 3550 1116161491,
1295 3475 1345 3539 eui

222 3578 327 3644 versui
341 3575 582 3644 Fleokeisenum
596 3578 732 3642 feliciter
747 3582 824 3662 puto
840 3575 1031 3641 medisinam
1053 3573 1245 3641 adhibuisse.
1269 3573 1344 3640 Trass

222 3679 332 3746 latitia
354 3681 439 3745 enim
463 3683 530 3746 eius
553 3682 656 3745 forma
677 3678 757 3744 haee
779 3684 844 3744 est:
1120 3747 1121 3750 ,

308 3781 371 3845 Aa.
405 3781 514 3848 Metuo
536 3783 683 3847 lenonem
705 3781 821 3865 nequid
846 3801 902 3845 suo
926 3785 998 3846 suat
1021 3781 1128 3865 eapiti.
1168 3777 1223 3842 Ge.
1256 3777 1345 3844 Idem

377 3903 436 3966 ego
459 3905 579 3950 vereor.
652 3937 656 3944 .

224 3983 288 4051 Sed
310 3983 407 4048 verba
428 3985 513 4050 inter
535 4005 688 4071 personas
711 4005 774 4049 non
795 3988 880 4049 reete
896 3982 1068 4048 distributa
1090 4001 1160 4047 esse
1183 3980 1345 4046 Bentleius

224 4085 421 4168 intellegens,
441 4085 542 4152 Getae
564 4106 744 4152 sermonem
761 4090 836 4171 post
853 4083 980 4168 ,nequid
993 4134 999 4148 .
1013 4134 1020 4148 .
1035 4091 1053 4148 .‘
1069 4083 1197 4169 ineepit.
1225 4082 1346 4148 Verum

224 4203 340 4272 anceps
353 4189 452 4253 etiam
466 4188 600 4254 haerens
617 4188 656 4253 de
669 4189 764 4253 verbo
778 4196 888 4264 ‚suere‘
906 4186 1049 4251 absolute
1066 4185 1182 4270 posito,
1205 4183 1345 4266 itemque

225 4290 264 4357 de
285 4289 383 4355 verbo
407 4299 537 4365 ‚vereor‘
560 4277 596 4356 ut
619 4291 813 4356 alienissimo
838 4309 857 4354 a
883 4287 1039 4355 sermonis
1063 4279 1198 4358 eonexu,
1222 4281 1271 4348 vir
1292 4284 1346 4349 ille
