3274 4964
769 385 981 448 -ἳὸ-

399 551 524 618 Phorm.
544 556 617 619 138:
641 554 734 631 Quod
756 557 822 619 fors
844 557 935 634 feret,
959 558 1099 622 feremus
1116 577 1218 641 aequo
1236 558 1351 622 animo.
1382 557 1441 621 Ge.

313 651 441 718 Confine
464 655 524 720 hoe
546 654 705 721 Graecum
728 661 832 720 extat:
856 658 889 722 τὸ
913 664 1013 743 φέρον
1035 660 1070 722 ἐκ
1092 663 1174 723 θεοῦ
1203 660 1308 734 καλῶς
1331 665 1441 744 φέρειν

310 757 377 840 χρήι
401 755 564 843 (Append.
581 759 681 839 4‚98).

397 855 498 923 Heau.
515 861 593 924 923:
618 858 710 925 Foris
733 879 855 945 sapere,
878 860 939 924 tibi
960 881 1024 925 non
1045 862 1131 946 potis
1158 881 1229 925 esse
1245 861 1440 926 auxiliarier.

1276 995 1279 1002 ·
1330 963 1393 1027 Me.

311 1061 409 1127 Haud
436 1061 591 1128 dissimile
618 1069 668 1128 est
690 1063 822 1144 dietum,
845 1064 937 1149 Jquod
963 1066 1079 1150 Apost.
1096 1068 1126 1145 1,
1143 1068 1184 1130 16
1212 1087 1252 1130 en
1281 1064 1438 1150 Euripide

311 1165 416 1230 affert:
452 1166 572 1244 ,ἄλλων
601 1167 709 1250 ιάτρὸς
737 1164 832 1242 αι’-’τὸς
855 1169 953 1231 ἕλκεσι
978 1169 1103 1249 βρύωνι.
1148 1169 1200 1232 vel
1233 1166 1330 1250 quod,
1364 1185 1437 1230 cum

311 1274 421 1334 nostro
444 1270 514 1333 loeo
536 1270 639 1351 magis
662 1289 848 1350 congruens,
872 1270 904 1332 in
926 1267 1273 1334 111111111111111332
1303 1269 1435 1350 legitur:

313 1377 405 1454 ,μισῶ
421 1375 570 1456 σοφιστὴν
585 1371 668 1447 ὅστις
683 1369 739 1453 οὐχ
754 1370 839 1456 αὐτῷ
862 1373 983 1455 σοφόςὲ
1031 1371 1216 1436 Terentium
1237 1376 1344 1435 autem
1371 1372 1436 1434 iam

312 1471 438 1539 Ennius
453 1475 600 1558 praeivit,
624 1474 710 1539 idem
732 1473 936 1559 proverbium
960 1474 1011 1538 his
1034 1475 1140 1539 verbis
1162 1493 1335 1558 usurpans:

301 1647 303 1655 ,
398 1575 461 1650 Qui
481 1576 551 1660 ipse
575 1575 635 1640 sihi
659 1575 785 1659 sapiens
808 1574 960 1660 prodesse
983 1576 1104 1659 nequit,
1131 1576 1327 1658 nequiquam
1350 1576 1436 1662 sapit

313 1676 367 1758 (ef.
384 1675 474 1740 Ribb.
491 1675 582 1756 frgm.
599 1681 680 1756 trag.
696 1696 727 1758 p.
744 1675 811 1756 41).

398 1777 482 1842 Trin.
499 1780 577 1842 363:
602 1776 737 1861 Sapiens
761 1776 888 1860 quidem
904 1776 958 1861 pol
974 1778 1063 1862 ipsus
1078 1778 1169 1859 fingit
1187 1779 1347 1842 fortunam
1363 1777 1434 1842 sibi.

1329 1879 1389 1941 Pu.

312 2003 450 2067 quooum
472 1983 580 2046 neseio
604 2003 645 2046 an
667 1987 752 2047 11111
776 1983 910 2046 conferri
926 1984 1030 2068 possit
1044 1980 1125 2047 illud
1140 1979 1262 2046 Cratini
1282 1981 1382 2065 (Mein
1396 1981 1433 2045 ll.

311 2109 343 2172 p.
363 2088 454 2169 113):
478 2085 612 2168 ,ἄνδρας
635 2087 756 2171 σοφοὺς
775 2092 833 2171 χρὴ
861 2095 895 2150 τὸ
928 2088 1035 2166 παρὸν
1061 2091 1196 2168 πρᾶγμα
1223 2087 1267 2159 εἰς
1294 2085 1435 2166 δύναμιν

310 2192 485 2253 τίθεσθαι.ι
531 2185 578 2252 Cf.
595 2187 676 2252 Plat.
693 2186 788 2270 Gorg.
805 2191 867 2251 499
884 2209 909 2252 o.

398 2289 524 2356 Phorm.
541 2289 616 2352 454:
641 2289 725 2365 Quot
747 2275 895 2354 homines
921 2293 972 2353 tot
997 2289 1186 2352 sententiae:
1214 2307 1291 2352 suus
1318 2287 1433 2370 (ruique

465 2411 551 2455 mos:
590 2391 649 2454 He.

238 2529 262 2576 .‘
309 2513 371 2576 qua
402 2493 560 2558 sententia
594 2498 690 2578 poeta
723 2493 852 2558 videtur
884 2492 980 2557 Hom.
1016 2493 1073 2558 Od.
1091 2497 1116 2572 ξ,
1134 2494 1209 2556 228:
1237 2493 1346 2572 ,ἄλλος
1371 2499 1433 2576 γὰρ

307 2594 482 2659 τ’ἄλλοισιν
505 2592 589 2679 ἀνήρ
612 2597 806 2679 ἐπιτέρπεται
830 2597 942 2677 ἔργοιςι
966 2596 1094 2660 imitari.
1139 2594 1193 2660 Ad
1214 2594 1299 2659 harno
1326 2597 1434 2659 autem

309 2697 414 2761 loeum
435 2717 552 2780 magna
579 2700 756 2762 sententiae
783 2697 990 2762 similitudine
1013 2697 1136 2762 aceedit

394 2798 492 2865 Stich.
516 2801 590 2864 693:
618 2799 720 2867 Suum
743 2820 902 2885 quemque
926 2800 1025 2866 deret.
1072 2799 1116 2864 St.

308 2902 360 2965 eui
375 2901 490 2967 Pittaoi
507 2905 556 2968 vel
572 2903 714 2969 Chilonis
728 2923 853 2968 vooern:
875 2913 965 2983 ,καιόι
985 2905 1182 2970 1111111111111ι
1198 2923 1218 2966 1
1233 2901 1427 2966 Callimacho

308 3006 423 3089 eprigr.
439 3006 462 3083 l,
484 3009 521 3069 16
538 3004 724 3084 adhibitam,
746 3005 833 3069 haud
854 3007 961 3090 inepte
984 3004 1245 3090 comparaverim.
1272 3001 1428 3067 Eiusdem

308 3109 485 3172 sententiae
497 3107 673 3172 identidem
688 3107 795 3170 variae
815 3108 937 3170 formae
948 3105 1035 3190 apud
1053 3109 1222 3188 utrumque
1237 3108 1367 3190 poetam
1383 3106 1428 3169 in-

307 3208 755 3293 veniuntur,quarumsimiles
763 3207 1226 3291 GraecasquoqueErasmusl,
1234 3209 1426 3292 11111111.

392 3312 507 3377 Bacch.
527 3314 600 3374 144:
629 3310 746 3396 Sperat
775 3310 904 3395 quidem
933 3311 1070 3376 animus:
1095 3330 1158 3394 quo
1182 3315 1297 3376 evenat
1323 3308 1428 3373 disin

459 3417 599 3478 manust.
644 3413 695 3476 Pi.

307 3518 392 3602 quod
407 3539 448 3582 en
462 3515 592 3581 Pindari
608 3516 654 3580 Ol.
675 3517 724 3595 13,
743 3519 803 3580 104
818 3515 944 3582 videtur
959 3535 1166 3601 expressum:
1180 3514 1429 3596 ,vtvd’d'tnopoa

306 3603 433 3704 111νῇ11
454 3624 522 3704 θεῷ
544 3644 578 3698 γε
599 3618 666 3700 μάν
687 3619 793 3693 aaa
827 3616 1038 3683 Notissimum
1062 3621 1112 3682 est
1133 3614 1215 3680 illud
1231 3634 1367 3699 quoque,
1387 3614 1428 3678 ab

306 3721 447 3787 Homero
469 3719 504 3783 ll.
524 3722 572 3798 17,
589 3721 651 3782 514
675 3720 867 3804 saepiusque
891 3723 1097 3804 usurpatum:
1122 3722 1220 3798 ‚dedo
1239 3719 1276 3781 dv
1295 3717 1429 3796 γούνασι

178 3837 180 3840 ’
306 3825 425 3887 κεῖταιὲ

392 3923 456 3990 Sed
490 3921 529 3987 de
559 3923 767 4003 Terentianis,
794 3941 876 4006 quae
900 3927 1024 3986 restant
1052 3920 1239 4006 proverbiis,
1272 3924 1430 4002 quatenus

307 4025 368 4091 sub
383 4025 443 4090 hoe
465 4046 566 4108 genus
590 4024 716 4104 eadunt,
739 4026 822 4090 inira
845 4025 950 4109 aptior
974 4025 1035 4089 erit
1049 4024 1149 4102 loeus,
1165 4022 1220 4086 ubi
1234 4023 1432 4086 mentionem

306 4129 431 4193 faciam.
475 4127 587 4212 ltaque
618 4127 803 4212 proximum
833 4131 891 4207 est,
919 4131 957 4191 ut
985 4146 1024 4190 ea
1051 4125 1201 4210 exempla
1230 4125 1262 4188 in
1288 4123 1431 4187 medium

305 4232 475 4317 proferam,
502 4229 557 4294 ubi
584 4230 886 4295 commemoratione
914 4228 1107 4308 fabularum,
1131 4227 1173 4292 ad
1199 4225 1434 4311 mythologiam
