3274 4964
680 343 892 403 „pv-

220 514 328 574 totum
350 509 434 574 huno
457 510 562 574 looum
586 516 711 575 servato
734 530 887 575 versuum
910 512 1034 586 ordine,
1060 513 1115 596 qui
1137 514 1171 575 in
1185 511 1276 575 libris
1292 515 1349 582 est,

224 615 338 696 aptum
363 631 492 675 sensum
516 611 686 684 admittere
709 632 812 695 neque
829 612 879 676 vel
902 612 1129 698 transponendi
1144 613 1196 676 vel
1219 611 1352 677 eiciendi

221 713 324 775 ullam
346 714 572 777 nenessitatem
596 734 666 778 esse
690 735 762 778 eum
784 712 991 778 Fleoheiseno
1014 714 1131 778 iudioo.

309 806 434 898 Aperui
462 834 568 879 meam
596 815 634 879 de
662 816 723 879 1100
750 817 818 880 1000
847 817 1048 880 sententiam.
1094 817 1161 882 lam
1187 815 1282 881 redeo
1311 817 1353 880 ad

223 915 275 990 id,
304 915 389 979 unde
419 937 491 980 sum
512 923 677 1000 evagatus.
722 918 834 1002 ltaque
864 919 960 982 liceat
981 917 1076 994 mihi,
1105 917 1260 982 nonnulla
1279 939 1352 1003 pro·
1462 921 1465 926 ’

174 1095 176 1098 v
223 1019 349 1094 verbia,
385 1039 467 1102 0000
496 1040 560 1082 non
590 1021 650 1085 snb
674 1026 796 1086 eertum
824 1020 985 1105 quoddam
1008 1041 1107 1110 genus
1138 1022 1207 1084 eius
1231 1018 1351 1084 ordinis

226 1139 322 1202 quem
336 1142 434 1206 supra
446 1121 600 1206 disposui,
615 1123 742 1200 eadunt,
755 1123 893 1188 11001000
905 1112 1030 1188 'afferre
1046 1121 1128 1188 Sunt
1139 1126 1248 1186 autem
1259 1122 1349 1186 liaeo:
1431 1203 1434 1206 Ι

312 1223 429 1308 Amph.
447 1225 522 1288 738:
547 1223 725 1300 ,Somnium
747 1231 857 1290 narrat
879 1225 948 1288 tibi‘
993 1223 1044 1288 So.
1133 1211 1135 1214 ⁵

226 1325 261 1386 et
284 1324 398 1402 similis
422 1328 599 1406 argument

312 1423 415 1490 Heau.
434 1429 509 1492 222:
534 1448 642 1512 ,quam
663 1429 743 1492 mihi
764 1449 848 1494 nuno
871 1428 967 1493 surdo
990 1433 1099 1492 narret
1119 1428 1272 1492 tabulam‘
1290 1426 1351 1492 el.

226 1527 346 1609 quibus
379 1530 573 1615 respondent
606 1533 671 1595 1010
702 1531 796 1613 Greg.
814 1531 908 1616 Cypr.
925 1529 967 1594 M.
984 1531 1018 1604 4,
1039 1531 1095 1593 89:
1132 1531 1222 1613 παρὰ
1256 1532 1352 1620 κώφῳ

227 1630 358 1722 διαλέγῃ
382 1637 414 1696 01
436 1633 549 1718 Apost.
570 1636 621 1699 12:
646 1634 726 1718 ὄναρ
749 1637 848 1715 λέγεις
871 1633 889 1718 ἢ
911 1641 1037 1717 γρῖφον.
1408 1632 1410 1635 ’

314 1731 349 1796 10
372 1752 483 1797 eorum
506 1755 581 1799 vero
608 1737 865 1820 proverbiorum,
895 1755 976 1817 quae
1007 1733 1111 1797 adhue
1133 1735 1352 1808 tractavimus

227 1834 416 1897 sooietatem
444 1857 528 1900 nuno
556 1857 594 1900 ea
617 1836 951 1910 votandavidentur,
987 1856 1083 1918 quae,
1119 1836 1181 1899 etsi
1215 1836 1256 1900 ad
1285 1856 1354 1898 sen-

113 1935 118 1940 '
228 1935 418 2012 bestiarum,
448 1959 527 2022 quas
550 1945 695 2024 ,γνῶμαν
720 1939 843 2013 dieunt,
873 1937 1117 2001 similitudinem
1145 1957 1355 2022 propeaeoe-

228 2034 327 2108 dunt,
356 2039 455 2104 nihilo
482 2046 590 2106 tamen
619 2043 727 2106 minus
749 2040 982 2126 proverbialem
1008 2039 1127 2103 habent
1150 2043 1353 2124 potestatem,

227 2139 488 2225 quandoquidem
517 2143 556 2206 ab
584 2145 714 2228 optimis
743 2144 853 2228 populi
877 2144 969 2222 viris,
1003 2144 1055 2207 vel
1083 2141 1281 2227 philosophis
1303 2141 1356 2204 vel

225 2243 334 2324 poetis
358 2243 519 2326 quondam
542 2245 679 2330 prolata,
710 2247 853 2310 universi
876 2247 987 2332 populi
1009 2247 1157 2331 proprios
1180 2265 1284 2309 mores
1308 2248 1353 2306 at·

227 2361 291 2426 que
313 2344 442 2426 ingenia
465 2349 636 2429 attingunt,
667 2348 714 2412 ita
736 2353 857 2414 utnon
880 2369 920 2412 ex
942 2350 1039 2412 unius
1061 2349 1208 2427 hominis,
1234 2346 1291 2410 sed
1314 2365 1355 2408 ex

224 2445 371 2520 universi
393 2449 481 2530 vulgi
504 2450 763 2523 animofluvisse
786 2450 965 2515 videantur.
1006 2451 1117 2536 ltaque
1141 2454 1225 2513 rente
1248 2468 1299 2512 010
1322 2449 1356 2512 111
1405 2527 1413 2540 ·

226 2547 292 2610 1100
311 2569 443 2614 numero
468 2553 619 2635 collocare
643 2553 793 2617 existimo
816 2575 898 2637 quae
922 2557 1117 2638 sequuntur:

314 2649 427 2716 Baooh.
445 2656 519 2720 816:
545 2653 647 2730 Quem
670 2655 703 2719 di
719 2655 865 2736 diligunt,
889 2657 1089 2721 Aduleseens
1110 2655 1253 2728 moritur,
1278 2653 1354 2716 dum

389 2757 482 2831 valet,
507 2758 613 2832 sentit,
638 2759 731 2842 sapit.
780 2757 874 2842 Ghrp.

232 2875 315 2939 quae
347 2860 505 2922 sententia
527 2857 701 2922 Menandro
735 2859 844 2924 deberi
874 2859 1015 2933 videtur,
1051 2857 1138 2922 idem
1166 2857 1200 2920 in
1228 2856 1353 2921 fabula:

231 2960 495 3038 ,111ςε’1ξα11ατῶνι
525 2961 572 3024 ita
593 2960 773 3045 praebenti:
804 2961 851 3036 ,dv
874 2961 906 3027 oi
928 2968 1000 3026 θεοὶ
1024 2954 1355 3047 φιλαῦσαποθνήσκει

230 3065 313 3136 νέοςί
337 3061 447 3143 (Mein.
463 3062 545 3127 111100.
564 3068 596 3128 01
610 3063 688 3128 Phil.
706 3064 774 3128 rell.
789 3085 820 3149 p.
837 3065 905 3148 48).
944 3063 989 3128 ot
1014 3064 1125 3148 Apost.
1146 3063 1194 3141 r2,
1211 3063 1289 3124 010.

178 3248 188 3256 κ
319 3164 433 3229 Pseud.
451 3167 525 3230 685:
551 3165 646 3232 Certa
669 3167 858 3245 amittimus,
882 3166 960 3230 dum
981 3168 1104 3230 ineerta
1117 3165 1268 3250 petimus,
1299 3163 1355 3227 Ps.

229 3267 266 3330 in
295 3287 390 3350 quem
418 3287 546 3331 versum
574 3267 632 3331 1100
660 3267 793 3332 Hesiodi
820 3268 913 3350 frgm.
943 3268 1002 3331 186
1034 3265 1184 3349 (Goettl.)
1213 3267 1355 3351 apprime

230 3370 394 3434 convenit:
427 3371 548 3456 ,νήπιος
571 3365 606 3445 ὃς
632 3373 671 3434 τα
693 3376 803 3454 ἕτοιμα
833 3372 935 3435 λιπών
958 3368 1111 3452 ἀνέτοιμα
1135 3370 1262 3432 droixa‘.
1309 3367 1355 3433 Of.

229 3472 331 3537 0110111
353 3471 467 3557 Apost.
486 3474 534 3551 12,
551 3474 615 3536 970
638 3477 671 3536 01
691 3471 771 3536 Xen.
789 3471 902 3556 Cyrop.
920 3475 948 3546 6,
966 3474 995 3551 2,
1014 3473 1062 3534 13.

316 3573 410 3638 Poen.
426 3575 449 3652 l,
466 3577 495 3653 2,
513 3577 569 3640 29:
599 3573 667 3638 Hno
688 3594 790 3638 unum
812 3579 922 3638 tamen
945 3575 1098 3656 cogitato:

386 3677 502 3742 Modus
526 3677 673 3742 omnibus
695 3678 728 3741 in
750 3677 847 3742 rebus
871 3681 1071 3761 optumumst
1091 3676 1212 3740 habitu
1255 3672 1318 3737 Ad.

231 3779 345 3846 Simile
370 3787 480 3845 autem
503 3785 553 3846 est
574 3779 666 3860 illud,
691 3780 786 3865 quod,
810 3780 850 3844 ab
865 3799 929 3843 uno
946 3800 987 3843 ex
1000 3778 1132 3864 Septem
1148 3777 1356 3862 sapientibus

229 3888 411 3968 receptum:
436 3884 542 3967 ,puden
566 3882 659 3963 ἄγαν
684 3883 739 3964 (01.
762 3880 856 3964 Greg.
881 3881 976 3966 Cypr.
999 3880 1035 3944 L.
1053 3881 1082 3960 2,
1100 3883 1150 3958 79,
1177 3879 1233 3943 ubi
1259 3877 1356 3943 Leut-

230 3985 340 4050 00111οε
363 3985 422 4048 hae
445 3983 484 4047 de
508 3984 676 4063 sententia,
700 4003 719 4046 a
741 3983 889 4068 plurimis
913 3981 1123 4066 scriptoribus
1143 3981 1356 4064 frequentata,

228 4088 364 4152 uberius
381 4087 526 4170 disserit)
548 4087 720 4171 usurpavit
742 4085 908 4150 Terentius
932 4087 964 4148 et
986 4085 1019 4147 in
1034 4083 1134 4146 Andr.
1152 4084 1205 4147 61:
1228 4081 1357 4166 ,nequid

228 4192 338 4258 010110ί
362 4195 395 4254 01
417 4191 450 4254 10
472 4189 566 4254 Heau
589 4191 660 4254 519.
