3274 4964
760 426 973 488 -10-

218 656 221 662 ,
298 595 385 664 Pers.
410 597 444 670 3,
469 596 501 670 3,
523 596 564 660 26
593 600 626 661 et
652 596 685 660 in
710 594 801 661 Cure.
825 596 903 660 562:
939 594 1130 679 ,Numquam
1154 595 1296 678 delinges
1319 597 1435 661 salem*

299 698 350 762 cui
365 702 529 782 postremo
544 697 614 762 loco
629 696 783 763 Erasmus
799 696 849 771 ΠΙ,
867 699 895 772 7,
913 697 954 760 33
975 695 1068 760 addit·
1080 695 1190 761 verba:
1216 697 1293 772 ,ἅλα
1308 701 1431 782 ἰάχωνι

299 818 340 864 ex
356 800 492 864 Aristot.
509 795 550 862 H.
566 800 607 864 A.
625 799 713 863 5801)
729 799 768 862 31
794 801 931 883 sumpta,
955 798 1011 862 ubi
1033 802 1142 863 tamen
1163 818 1226 862 non
1246 799 1434 884 proverbia-

298 900 381 976 liter,
406 900 463 965 sed
485 901 614 986 proprie
638 899 830 968 dictasunt.

384 1001 487 1068 Huius
510 1003 635 1085 generis
659 1001 794 1086 denique
817 1021 932 1084 agmen
954 1000 1096 1066 claudat:

386 1103 457 1169 Cas.
475 1104 512 1189 V,
530 1106 559 1179 2,
577 1105 630 1168 52:
662 1103 716 1179 ‚Ut
738 1123 837 1168 senex
861 1102 974 1168 eodem
996 1122 1058 1186 quc
1082 1103 1162 1178 bibi,
1186 1104 1330 1170 biberet‘.
1379 1103 1430 1167 Ol,

297 1204 384 1290 quod
417 1204 590 1291 hospitii
622 1204 839 1290 symbolum
871 1205 969 1268 trusae
1004 1208 1036 1267 et
1064 1203 1361 1269 11111883-884
1394 1212 1427 1270 et

297 1305 763 1391 Aristoph.Equitt.v.1289:
788 1305 837 1381 ,οὔ
859 1307 927 1371 ποτ’
951 1307 985 1370 ἐκ
1007 1303 1121 1371 ταύτοῦ
1144 1309 1219 1389 μεθ’
1243 1305 1333 1392 ἡμῶν
1355 1313 1426 1372 1111-

297 1435 350 1475 τατ
372 1415 531 1494 ποτηρίουί
565 1408 732 1494 perspicue
766 1407 976 1489 cognoscitur.
1026 1405 1154 1472 Erasmi
1189 1413 1296 1472 autem
1330 1410 1427 1473 inter-

298 1511 527 1596 pretationem,
553 1529 648 1592 quam
670 1510 693 1589 l,
710 1511 738 1583 8,
756 1510 794 1572 81
821 1508 1004 1592 expositam
1025 1511 1202 1594 reperimus
1225 1510 1264 1575 de
1288 1511 1342 1590 iis,
1372 1513 1424 1594 qui

298 1611 519 1676 communibus
541 1610 752 1676 incommodis
774 1611 929 1693 malisque
955 1610 1087 1675 obnoxii
1110 1616 1197 1685 sunt,
1226 1611 1267 1676 ad
1291 1611 1429 1678 Casinae·

297 1716 424 1778 tantum
447 1714 560 1787 locum,
584 1733 647 1776 111
670 1711 712 1776 ad
733 1712 946 1797 proverbium,
976 1712 1120 1796 alioquin
1140 1714 1304 1790 usitatum,
1328 1715 1425 1799 perti-

297 1811 373 1880 nere
401 1815 530 1899 eiusque
560 1815 807 1899 explicationem
835 1813 1080 1900 improbandam
1102 1835 1173 1880 esse
1197 1821 1341 1900 apertum
1365 1820 1427 1881 est.

385 1914 583 2000 Quamquam
609 1914 688 1981 haec
714 1916 893 2002 posteriora
918 1937 1027 2002 provv.
1052 1918 1239 1982 societatem
1265 1917 1423 2001 quandam

299 2017 419 2082 habent
441 2038 512 2082 cum
535 2038 572 2082 eo
596 2038 727 2100 genere,
756 2017 797 2081 ad
820 2016 992 2101 quodiam
1018 2022 1068 2082 est
1089 2018 1326 2083 transeundum.
1372 2019 1428 2086 Se-

300 2120 405 2202 quitur
435 2121 533 2194 enim,
562 2125 598 2183 nt
620 2118 659 2182 de
682 2119 859 2204 proverbiis
890 2119 1028 2194 dicatur,
1059 2120 1171 2204 petitis
1200 2140 1239 2184 ex
1268 2125 1431 2206 compota-
1460 2169 1462 2172 -

299 2220 440 2284 tionibus
462 2221 514 2284 vel
537 2221 691 2285 conviviis
714 2222 765 2286 111
788 2221 860 2286 aliis
883 2220 1115 2305 voluptatibus
1148 2241 1281 2306 quarum
1308 2223 1434 2289 urbana

299 2323 470 2407 praecipue
497 2322 564 2400 vita
591 2322 713 2404 largam
745 2323 825 2388 facit
854 2323 988 2408 copiam.
1033 2323 1069 2386 ln
1101 2343 1210 2388 eorum
1239 2328 1346 2388 autem
1372 2346 1429 2388 11-

300 2444 422 2489 merum
443 2423 521 2488 hacc
543 2424 686 2488 veniunt:

386 2524 452 2589 Mil.
483 2526 577 2591 1006:
616 2523 695 2590 Cum
728 2525 806 2590 haee
840 2526 964 2600 locuta,
999 2524 1088 2589 illam
1121 2530 1228 2591 autem
1262 2527 1429 2594 absentem

456 2626 574 2708 subigit
595 2647 646 2690 me
669 2631 705 2691 ut
725 2633 848 2691 amem?

299 2724 420 2792 Locum
442 2728 524 2792 hunc
546 2732 730 2814 corruptum
753 2747 838 2806 esse,
868 2747 961 2792 nemo
989 2733 1039 2793 est
1061 2749 1155 2812 quem
1181 2730 1298 2812 fugiat,
1329 2731 1386 2796 sed
1409 2751 1428 2795 a

301 2830 438 2894 nemine
454 2829 570 2895 melius
598 2834 741 2894 curatum
771 2830 919 2894 existimo
949 2850 1043 2914 quam
1072 2851 1091 2894 a
1113 2829 1307 2913 Kiesslingio
1332 2831 1427 2914 (Mus.

224 2963 225 2968 1
300 2930 402 2996 Rhea.
419 2930 522 2996 XXIV
534 2952 565 3017 p.
585 2932 661 3015 116)
685 2931 739 3014 qui
757 2929 924 2996 Ritschelii
946 2933 1092 3014 vestigiis
1114 2933 1266 2998 insistens
1289 2933 1334 2996 sic
1356 2953 1430 2997 eum

300 3033 455 3098 restituit:

388 3133 481 3209 ‚Nam
495 3133 574 3198 haec
592 3131 717 3199 locusta
732 3133 829 3198 mullo
854 3132 986 3197 absente
1005 3151 1056 3197 me
1079 3131 1180 3214 adigit
1195 3153 1229 3198 se
1250 3137 1287 3198 ut
1302 3144 1430 3205 amcm‘r

1324 3236 1383 3321 Py.

300 3357 381 3421 quae
405 3358 516 3402 versus
540 3336 750 3401 conformatio
772 3335 912 3400 traditae
935 3335 1110 3422 scripturae
1125 3338 1272 3422 proxime
1294 3337 1430 3403 aceedit.

298 3436 360 3504 Est
393 3443 501 3504 autem
533 3438 657 3502 locusta
693 3437 790 3523 piscis
822 3437 979 3514 marinus,
1018 3439 1071 3522 qu'i
1099 3430 1237 3524 'propter
1269 3440 1429 3504 vilitatem

299 3541 396 3624 pretii
417 3542 564 3624 frequens
580 3539 667 3621 vrrlgi
689 3539 778 3604 cibus
802 3544 880 3605 erat.
926 3538 1006 3605 Cum
1024 3540 1084 3605 hcc
1106 3541 1204 3623 igitur
1225 3542 1313 3625 pisce
1335 3542 1430 3606 miles

298 3640 561 3727 Milphidippam,
596 3642 682 3706 cuius
712 3640 940 3706 blandimentis
968 3646 1080 3726 captus
1108 3647 1171 3718 est,
1206 3641 1292 3707 haud
1317 3644 1428 3728 inepte
1525 3711 1527 3716 ,

299 3747 473 3828 comparat.
518 3741 653 3828 Sumpta
675 3743 760 3807 enim
781 3748 832 3808 est
846 3742 924 3807 haec
943 3745 1139 3828 comparatio
1162 3763 1204 3812 ex
1219 3742 1427 3809 delicatorum

298 3844 463 3909 hominum
490 3864 593 3921 more,
629 3850 763 3930 propter
787 3845 920 3908 nimiam
949 3844 1155 3930 cupediornm
1183 3844 1347 3911 libidinem
1376 3847 1428 3910 vel

298 3965 355 4010 eos
386 3945 474 4010 cibos
505 3944 632 4021 edendi,
668 3947 722 4030 qui
749 3946 872 4011 minimi
896 3946 948 4011 vel
973 3946 1089 4012 nullius
1112 3948 1208 4031 pretii
1238 3951 1321 4012 sunt.
1367 3947 1428 4024 Qui

298 4065 368 4111 mos
390 4048 533 4130 tangitur
554 4047 615 4112 hoc
637 4045 759 4114 Graeco
782 4049 968 4134 proverbio:
1001 4054 1148 4126 ,τέττιγας
1174 4051 1313 4125 ἐσθίεις,
1342 4048 1427 4132 quod

297 4148 384 4234 apud
406 4148 771 4234 Apostolium16,35a
794 4170 865 4214 cum
887 4151 947 4214 hae
969 4153 1047 4214 nota
1068 4148 1246 4216 invenitur:
1282 4151 1430 4226 ,ἐπὶτῶν

119 4256 124 4267 “
183 4280 184 4283 “
289 4249 356 4314 διὰ
378 4251 520 4333 λιχνείαν
541 4260 597 4317 καὶ
618 4255 657 4317 τὰ
680 4247 812 4326 οὐδενὸς
828 4251 905 4328 ἄξια
922 4253 1105 4317 ἓσθιόνττιτνς
1122 4251 1176 4333 (cs.
1193 4252 1317 4318 Aeliam.
1330 4250 1370 4316 H.
1384 4252 1428 4316 A.
