<?xml version="1.0" encoding="UTF-8"?>
<!DOCTYPE html PUBLIC "-//W3C//DTD XHTML 1.0 Transitional//EN"
    "http://www.w3.org/TR/xhtml1/DTD/xhtml1-transitional.dtd">
<html xmlns="http://www.w3.org/1999/xhtml" xml:lang="en" lang="en">
 <head>
  <title>
</title>
<meta http-equiv="Content-Type" content="text/html;charset=utf-8" />
  <meta name='ocr-system' content='tesseract 3.04.00' />
  <meta name='ocr-capabilities' content='ocr_page ocr_carea ocr_par ocr_line ocrx_word'/>
</head>
<body>
  <div class='ocr_page' id='page_1' title='image "./deproverbiispla01schngoog_0036.png"; bbox 0 0 3274 4964; ppageno 0'>
   <div class='ocr_carea' id='block_1_1' title="bbox 666 422 879 483">
    <p class='ocr_par' dir='ltr' id='par_1_1' title="bbox 666 422 879 483">
     <span class='ocr_line' id='line_1_1' title="bbox 666 422 879 483; baseline -0.005 -17"><span class='ocrx_word' id='word_1_1' title='bbox 666 422 879 483; x_wconf 40' lang='lat' dir='ltr'>*pp-</span> 
     </span>
    </p>
   </div>
   <div class='ocr_carea' id='block_1_2' title="bbox 205 588 1337 673">
    <p class='ocr_par' dir='ltr' id='par_1_2' title="bbox 205 588 1337 673">
     <span class='ocr_line' id='line_1_2' title="bbox 205 588 1337 673; baseline 0.004 -22"><span class='ocrx_word' id='word_1_2' title='bbox 205 588 447 673; x_wconf 88' lang='lat' dir='ltr'>pertinentium,</span> <span class='ocrx_word' id='word_1_3' title='bbox 464 593 520 652; x_wconf 88' lang='lat' dir='ltr'>aut</span> <span class='ocrx_word' id='word_1_4' title='bbox 535 588 792 654; x_wconf 77' lang='lat' dir='ltr'>denominatione</span> <span class='ocrx_word' id='word_1_5' title='bbox 807 592 950 655; x_wconf 82' lang='lat' dir='ltr'>virorum</span> <span class='ocrx_word' id='word_1_6' title='bbox 964 591 1142 656; x_wconf 84' lang='lat' dir='ltr'>illustrium</span> <span class='ocrx_word' id='word_1_7' title='bbox 1162 593 1213 656; x_wconf 87' lang='lat' dir='ltr'>vel</span> <span class='ocrx_word' id='word_1_8' title='bbox 1228 611 1337 656; x_wconf 89' lang='lat' dir='ltr'>rerum</span> 
     </span>
    </p>
   </div>
   <div class='ocr_carea' id='block_1_3' title="bbox 206 687 1435 780">
    <p class='ocr_par' dir='ltr' id='par_1_3' title="bbox 206 687 1435 780">
     <span class='ocr_line' id='line_1_3' title="bbox 206 687 1435 780; baseline 0.004 -26"><span class='ocrx_word' id='word_1_9' title='bbox 206 689 247 754; x_wconf 88' lang='lat' dir='ltr'>ab</span> <span class='ocrx_word' id='word_1_10' title='bbox 269 689 314 753; x_wconf 93' lang='lat' dir='ltr'>eis</span> <span class='ocrx_word' id='word_1_11' title='bbox 344 687 508 774; x_wconf 88' lang='lat' dir='ltr'>praeclare</span> <span class='ocrx_word' id='word_1_12' title='bbox 536 695 700 772; x_wconf 83' lang='lat' dir='ltr'>gestarum</span> <span class='ocrx_word' id='word_1_13' title='bbox 726 691 896 776; x_wconf 87' lang='lat' dir='ltr'>proverbia</span> <span class='ocrx_word' id='word_1_14' title='bbox 926 692 979 756; x_wconf 83' lang='lat' dir='ltr'>vel</span> <span class='ocrx_word' id='word_1_15' title='bbox 1008 693 1223 776; x_wconf 81' lang='lat' dir='ltr'>proverbialia</span> <span class='ocrx_word' id='word_1_16' title='bbox 1244 694 1335 758; x_wconf 86' lang='lat' dir='ltr'>fiunt.</span> <span class='ocrx_word' id='word_1_17' title='bbox 1429 767 1435 780; x_wconf 50' lang='grc'>,</span> 
     </span>
    </p>
   </div>
   <div class='ocr_carea' id='block_1_4' title="bbox 191 791 1397 1902">
    <p class='ocr_par' dir='ltr' id='par_1_4' title="bbox 207 791 754 876">
     <span class='ocr_line' id='line_1_4' title="bbox 207 791 754 876; baseline 0.005 -21"><span class='ocrx_word' id='word_1_18' title='bbox 207 791 236 855; x_wconf 80' lang='lat' dir='ltr'>ll</span> <span class='ocrx_word' id='word_1_19' title='bbox 263 811 326 876; x_wconf 89' lang='lat' dir='ltr'>quo</span> <span class='ocrx_word' id='word_1_20' title='bbox 350 810 466 873; x_wconf 80' lang='lat' dir='ltr'>genere</span> <span class='ocrx_word' id='word_1_21' title='bbox 488 791 568 856; x_wconf 90' lang='lat' dir='ltr'>haec</span> <span class='ocrx_word' id='word_1_22' title='bbox 590 791 754 858; x_wconf 82' lang='lat' dir='ltr'>adnotavi:</span> 
     </span>
    </p>

    <p class='ocr_par' dir='ltr' id='par_1_5' title="bbox 205 891 1333 1285">
     <span class='ocr_line' id='line_1_5' title="bbox 296 891 1333 978; baseline 0.007 -21"><span class='ocrx_word' id='word_1_23' title='bbox 296 893 380 957; x_wconf 89' lang='lat' dir='ltr'>Trin.</span> <span class='ocrx_word' id='word_1_24' title='bbox 398 894 474 958; x_wconf 74' lang='lat'><strong>208:</strong></span> <span class='ocrx_word' id='word_1_25' title='bbox 499 891 614 959; x_wconf 86' lang='lat' dir='ltr'>Sciunt</span> <span class='ocrx_word' id='word_1_26' title='bbox 635 894 722 978; x_wconf 89' lang='lat' dir='ltr'>qnod</span> <span class='ocrx_word' id='word_1_27' title='bbox 748 895 825 960; x_wconf 86' lang='lat' dir='ltr'>luno</span> <span class='ocrx_word' id='word_1_28' title='bbox 849 896 1024 963; x_wconf 85' lang='lat' dir='ltr'>fabulatast</span> <span class='ocrx_word' id='word_1_29' title='bbox 1046 917 1119 961; x_wconf 89' lang='lat' dir='ltr'>eum</span> <span class='ocrx_word' id='word_1_30' title='bbox 1141 897 1223 962; x_wconf 87' lang='lat' dir='ltr'>love.</span> <span class='ocrx_word' id='word_1_31' title='bbox 1269 899 1333 964; x_wconf 84' lang='lat' dir='ltr'>Me.</span> 
     </span>
     <span class='ocr_line' id='line_1_6' title="bbox 206 995 1333 1081; baseline 0.005 -21"><span class='ocrx_word' id='word_1_32' title='bbox 206 1017 226 1060; x_wconf 92' lang='lat' dir='ltr'>a</span> <span class='ocrx_word' id='word_1_33' title='bbox 254 995 366 1060; x_wconf 89' lang='lat' dir='ltr'>Plauto</span> <span class='ocrx_word' id='word_1_34' title='bbox 401 996 520 1060; x_wconf 88' lang='lat' dir='ltr'>scurris</span> <span class='ocrx_word' id='word_1_35' title='bbox 558 996 729 1077; x_wconf 87' lang='lat' dir='ltr'>tributum,</span> <span class='ocrx_word' id='word_1_36' title='bbox 762 997 846 1081; x_wconf 90' lang='lat' dir='ltr'>quod</span> <span class='ocrx_word' id='word_1_37' title='bbox 885 998 982 1062; x_wconf 82' lang='lat' dir='ltr'>simili</span> <span class='ocrx_word' id='word_1_38' title='bbox 1014 998 1109 1062; x_wconf 90' lang='lat' dir='ltr'>modo</span> <span class='ocrx_word' id='word_1_39' title='bbox 1147 998 1333 1066; x_wconf 81' lang='lat' dir='ltr'>Theocritus</span> 
     </span>
     <span class='ocr_line' id='line_1_7' title="bbox 207 1097 1332 1182; baseline 0.003 -19"><span class='ocrx_word' id='word_1_40' title='bbox 207 1097 251 1163; x_wconf 89' lang='lat' dir='ltr'>ld.</span> <span class='ocrx_word' id='word_1_41' title='bbox 270 1100 318 1177; x_wconf 85' lang='grc'>15,</span> <span class='ocrx_word' id='word_1_42' title='bbox 335 1099 376 1160; x_wconf 86' lang='grc'>64</span> <span class='ocrx_word' id='word_1_43' title='bbox 402 1097 441 1162; x_wconf 89' lang='lat' dir='ltr'>de</span> <span class='ocrx_word' id='word_1_44' title='bbox 471 1098 658 1163; x_wconf 85' lang='lat' dir='ltr'>mulieribus</span> <span class='ocrx_word' id='word_1_45' title='bbox 687 1099 784 1165; x_wconf 78' lang='lat' dir='ltr'>dixit:</span> <span class='ocrx_word' id='word_1_46' title='bbox 815 1103 931 1180; x_wconf 78' lang='grc' dir='ltr'>,πάντα</span> <span class='ocrx_word' id='word_1_47' title='bbox 964 1115 1110 1182; x_wconf 77' lang='grc' dir='ltr'>γυναῖκες</span> <span class='ocrx_word' id='word_1_48' title='bbox 1143 1107 1244 1166; x_wconf 77' lang='grc' dir='ltr'><strong><em>ἴσαντι</em></strong></span> <span class='ocrx_word' id='word_1_49' title='bbox 1277 1111 1332 1168; x_wconf 79' lang='grc' dir='ltr'>καὶ</span> 
     </span>
     <span class='ocr_line' id='line_1_8' title="bbox 205 1197 651 1285; baseline 0.004 -21"><span class='ocrx_word' id='word_1_50' title='bbox 205 1198 250 1275; x_wconf 83' lang='grc' dir='ltr'>ὡς</span> <span class='ocrx_word' id='word_1_51' title='bbox 272 1207 351 1275; x_wconf 75' lang='grc' dir='ltr'><em>Ζεῢς</em></span> <span class='ocrx_word' id='word_1_52' title='bbox 374 1197 509 1282; x_wconf 63' lang='lat' dir='ltr'>dyriysd&#39;</span> <span class='ocrx_word' id='word_1_53' title='bbox 527 1199 651 1285; x_wconf 67' lang='lat' dir='ltr'>“Hpavf</span> 
     </span>
    </p>

    <p class='ocr_par' dir='ltr' id='par_1_6' title="bbox 293 1299 1331 1372">
     <span class='ocr_line' id='line_1_9' title="bbox 293 1299 1331 1372; baseline 0.008 -8"><span class='ocrx_word' id='word_1_54' title='bbox 293 1299 405 1364; x_wconf 81' lang='lat' dir='ltr'>*Eun</span> <span class='ocrx_word' id='word_1_55' title='bbox 423 1303 497 1372; x_wconf 74' lang='lat'><strong>732:</strong></span> <span class='ocrx_word' id='word_1_56' title='bbox 515 1302 658 1367; x_wconf 86' lang='lat' dir='ltr'>Verbum</span> <span class='ocrx_word' id='word_1_57' title='bbox 681 1303 785 1367; x_wconf 89' lang='lat' dir='ltr'>hercle</span> <span class='ocrx_word' id='word_1_58' title='bbox 808 1303 868 1368; x_wconf 90' lang='lat' dir='ltr'>hoo</span> <span class='ocrx_word' id='word_1_59' title='bbox 890 1323 1003 1368; x_wconf 84' lang='lat' dir='ltr'>vernrn</span> <span class='ocrx_word' id='word_1_60' title='bbox 1026 1305 1101 1369; x_wconf 88' lang='lat' dir='ltr'>erit:</span> <span class='ocrx_word' id='word_1_61' title='bbox 1126 1305 1193 1370; x_wconf 89' lang='lat' dir='ltr'>sine</span> <span class='ocrx_word' id='word_1_62' title='bbox 1217 1305 1331 1372; x_wconf 84' lang='lat' dir='ltr'>Cerere</span> 
     </span>
    </p>

    <p class='ocr_par' dir='ltr' id='par_1_7' title="bbox 360 1401 1397 1488">
     <span class='ocr_line' id='line_1_10' title="bbox 360 1401 1397 1488; baseline -0.001 -20"><span class='ocrx_word' id='word_1_63' title='bbox 360 1408 393 1468; x_wconf 89' lang='lat' dir='ltr'>et</span> <span class='ocrx_word' id='word_1_64' title='bbox 415 1401 530 1468; x_wconf 92' lang='lat' dir='ltr'>Libero</span> <span class='ocrx_word' id='word_1_65' title='bbox 553 1405 649 1488; x_wconf 84' lang='lat' dir='ltr'>friget</span> <span class='ocrx_word' id='word_1_66' title='bbox 671 1405 787 1470; x_wconf 84' lang='lat' dir='ltr'>Venus.</span> <span class='ocrx_word' id='word_1_67' title='bbox 829 1405 884 1469; x_wconf 79' lang='grc'>01.</span> <span class='ocrx_word' id='word_1_68' title='bbox 1396 1477 1397 1480; x_wconf 10' lang='lat'>¹</span> 
     </span>
    </p>

    <p class='ocr_par' dir='ltr' id='par_1_8' title="bbox 191 1500 1333 1902">
     <span class='ocr_line' id='line_1_11' title="bbox 191 1500 1333 1592; baseline 0.01 -25"><span class='ocrx_word' id='word_1_69' title='bbox 191 1502 292 1586; x_wconf 75' lang='lat' dir='ltr'>‚quod</span> <span class='ocrx_word' id='word_1_70' title='bbox 307 1503 437 1586; x_wconf 79' lang='lat' dir='ltr'>attingit</span> <span class='ocrx_word' id='word_1_71' title='bbox 452 1505 645 1570; x_wconf 81' lang='lat' dir='ltr'>Aristoteles</span> <span class='ocrx_word' id='word_1_72' title='bbox 661 1505 775 1571; x_wconf 75' lang='lat' dir='ltr'>Probo,</span> <span class='ocrx_word' id='word_1_73' title='bbox 793 1508 854 1570; x_wconf 79' lang='lat'>953</span> <span class='ocrx_word' id='word_1_74' title='bbox 870 1506 890 1571; x_wconf 92' lang='lat' dir='ltr'>b</span> <span class='ocrx_word' id='word_1_75' title='bbox 907 1509 959 1571; x_wconf 87' lang='lat'>30:</span> <span class='ocrx_word' id='word_1_76' title='bbox 975 1500 1039 1586; x_wconf 77' lang='grc' dir='ltr'>,κκὶ</span> <span class='ocrx_word' id='word_1_77' title='bbox 1055 1505 1163 1592; x_wconf 65' lang='grc' dir='ltr'><strong><em>ὀρθῶς</em></strong></span> <span class='ocrx_word' id='word_1_78' title='bbox 1177 1513 1333 1588; x_wconf 81' lang='grc' dir='ltr'><strong><em>Διόνυσος</em></strong></span> 
     </span>
     <span class='ocr_line' id='line_1_12' title="bbox 204 1603 1330 1698; baseline 0.007 -30"><span class='ocrx_word' id='word_1_79' title='bbox 204 1613 262 1669; x_wconf 78' lang='grc' dir='ltr'>καὶ</span> <span class='ocrx_word' id='word_1_80' title='bbox 280 1603 453 1692; x_wconf 78' lang='grc' dir='ltr'>Ἀφροδίτη</span> <span class='ocrx_word' id='word_1_81' title='bbox 478 1609 623 1686; x_wconf 78' lang='grc' dir='ltr'><strong><em>λέγονται</em></strong></span> <span class='ocrx_word' id='word_1_82' title='bbox 651 1607 863 1694; x_wconf 63' lang='grc' dir='ltr'>μετ’ἆλλήλων</span> <span class='ocrx_word' id='word_1_83' title='bbox 890 1613 983 1675; x_wconf 67' lang='grc' dir='ltr'>εἶναιί</span> <span class='ocrx_word' id='word_1_84' title='bbox 1012 1611 1065 1694; x_wconf 80' lang='lat' dir='ltr'>(ef.</span> <span class='ocrx_word' id='word_1_85' title='bbox 1093 1613 1208 1698; x_wconf 70' lang='lat' dir='ltr'>Aponi.</span> <span class='ocrx_word' id='word_1_86' title='bbox 1231 1616 1262 1694; x_wconf 89' lang='grc'>4,</span> <span class='ocrx_word' id='word_1_87' title='bbox 1279 1614 1330 1694; x_wconf 89' lang='grc'>58,</span> 
     </span>
     <span class='ocr_line' id='line_1_13' title="bbox 203 1706 1329 1800; baseline 0.007 -29"><span class='ocrx_word' id='word_1_88' title='bbox 203 1708 262 1772; x_wconf 90' lang='lat' dir='ltr'>ubi</span> <span class='ocrx_word' id='word_1_89' title='bbox 295 1706 483 1774; x_wconf 88' lang='lat' dir='ltr'>Leutschius</span> <span class='ocrx_word' id='word_1_90' title='bbox 517 1711 698 1795; x_wconf 74' lang='lat' dir='ltr'>scriptores,</span> <span class='ocrx_word' id='word_1_91' title='bbox 733 1713 788 1794; x_wconf 90' lang='lat' dir='ltr'>qni</span> <span class='ocrx_word' id='word_1_92' title='bbox 820 1711 881 1776; x_wconf 90' lang='lat' dir='ltr'>hoo</span> <span class='ocrx_word' id='word_1_93' title='bbox 913 1712 1046 1777; x_wconf 86' lang='lat' dir='ltr'>verbum</span> <span class='ocrx_word' id='word_1_94' title='bbox 1079 1720 1329 1800; x_wconf 88' lang='lat' dir='ltr'>usurpaverunt,</span> 
     </span>
     <span class='ocr_line' id='line_1_14' title="bbox 204 1808 1330 1902; baseline 0.009 -28"><span class='ocrx_word' id='word_1_95' title='bbox 204 1808 323 1894; x_wconf 86' lang='lat' dir='ltr'>affert).</span> <span class='ocrx_word' id='word_1_96' title='bbox 357 1810 460 1894; x_wconf 84' lang='lat' dir='ltr'>Magis</span> <span class='ocrx_word' id='word_1_97' title='bbox 484 1817 591 1890; x_wconf 78' lang='lat' dir='ltr'>autern</span> <span class='ocrx_word' id='word_1_98' title='bbox 613 1812 746 1878; x_wconf 87' lang='lat' dir='ltr'>Latinae</span> <span class='ocrx_word' id='word_1_99' title='bbox 769 1816 890 1879; x_wconf 87' lang='lat' dir='ltr'>formae</span> <span class='ocrx_word' id='word_1_100' title='bbox 914 1834 1090 1897; x_wconf 82' lang='lat' dir='ltr'>congruum</span> <span class='ocrx_word' id='word_1_101' title='bbox 1111 1824 1161 1883; x_wconf 89' lang='lat' dir='ltr'>est</span> <span class='ocrx_word' id='word_1_102' title='bbox 1175 1817 1218 1894; x_wconf 92' lang='lat' dir='ltr'>id,</span> <span class='ocrx_word' id='word_1_103' title='bbox 1243 1818 1330 1902; x_wconf 85' lang='lat' dir='ltr'>quod</span> 
     </span>
    </p>
   </div>
   <div class='ocr_carea' id='block_1_5' title="bbox 203 1911 1455 2006">
    <p class='ocr_par' dir='ltr' id='par_1_9' title="bbox 203 1911 1455 2006">
     <span class='ocr_line' id='line_1_15' title="bbox 203 1911 1455 2006; baseline 0.009 -31"><span class='ocrx_word' id='word_1_104' title='bbox 203 1911 320 1996; x_wconf 74' lang='lat' dir='ltr'>Apost.</span> <span class='ocrx_word' id='word_1_105' title='bbox 342 1913 425 1993; x_wconf 90' lang='grc'>12,2</span> <span class='ocrx_word' id='word_1_106' title='bbox 447 1915 553 1979; x_wconf 92' lang='lat' dir='ltr'>nescio</span> <span class='ocrx_word' id='word_1_107' title='bbox 577 1914 662 1979; x_wconf 89' lang='lat' dir='ltr'>unde</span> <span class='ocrx_word' id='word_1_108' title='bbox 686 1920 852 2002; x_wconf 88' lang='lat' dir='ltr'>sumptum</span> <span class='ocrx_word' id='word_1_109' title='bbox 867 1917 1011 2002; x_wconf 87' lang='lat' dir='ltr'>praebet:</span> <span class='ocrx_word' id='word_1_110' title='bbox 1027 1918 1329 2006; x_wconf 73' lang='grc' dir='ltr'>,νεκρὸνἎφροδίτη</span> <span class='ocrx_word' id='word_1_111' title='bbox 1452 1933 1455 1939; x_wconf 84' lang='grc'><em>“</em></span> 
     </span>
    </p>
   </div>
   <div class='ocr_carea' id='block_1_6' title="bbox 198 2015 1378 4242">
    <p class='ocr_par' dir='ltr' id='par_1_10' title="bbox 202 2015 740 2101">
     <span class='ocr_line' id='line_1_16' title="bbox 202 2015 740 2101; baseline 0.006 -23"><span class='ocrx_word' id='word_1_112' title='bbox 202 2015 362 2079; x_wconf 79' lang='grc' dir='ltr'><em>Διονύσου</em></span> <span class='ocrx_word' id='word_1_113' title='bbox 386 2015 459 2097; x_wconf 79' lang='grc' dir='ltr'>δίχα</span> <span class='ocrx_word' id='word_1_114' title='bbox 482 2024 535 2080; x_wconf 82' lang='grc' dir='ltr'>καὶ</span> <span class='ocrx_word' id='word_1_115' title='bbox 558 2018 740 2101; x_wconf 55' lang='grc' dir='ltr'>Δήμρτροςὲ</span> 
     </span>
    </p>

    <p class='ocr_par' dir='ltr' id='par_1_11' title="bbox 200 2115 1271 2307">
     <span class='ocr_line' id='line_1_17' title="bbox 290 2115 1250 2186; baseline 0.006 -6"><span class='ocrx_word' id='word_1_116' title='bbox 290 2115 515 2183; x_wconf 71' lang='grc'>*1111110851</span> <span class='ocrx_word' id='word_1_117' title='bbox 540 2115 626 2183; x_wconf 85' lang='lat' dir='ltr'>Satis</span> <span class='ocrx_word' id='word_1_118' title='bbox 650 2117 706 2183; x_wconf 90' lang='lat' dir='ltr'>diu</span> <span class='ocrx_word' id='word_1_119' title='bbox 729 2119 794 2183; x_wconf 89' lang='lat' dir='ltr'>iarn</span> <span class='ocrx_word' id='word_1_120' title='bbox 816 2119 877 2184; x_wconf 92' lang='lat' dir='ltr'>hoc</span> <span class='ocrx_word' id='word_1_121' title='bbox 899 2141 1016 2186; x_wconf 83' lang='lat' dir='ltr'>saxum</span> <span class='ocrx_word' id='word_1_122' title='bbox 1037 2141 1142 2186; x_wconf 87' lang='lat' dir='ltr'>verso.</span> <span class='ocrx_word' id='word_1_123' title='bbox 1189 2120 1250 2186; x_wconf 78' lang='lat' dir='ltr'>Ga.</span> 
     </span>
     <span class='ocr_line' id='line_1_18' title="bbox 200 2215 1271 2307; baseline 0.008 -26"><span class='ocrx_word' id='word_1_124' title='bbox 200 2215 265 2282; x_wconf 90' lang='lat' dir='ltr'>Hic</span> <span class='ocrx_word' id='word_1_125' title='bbox 288 2219 372 2282; x_wconf 90' lang='lat' dir='ltr'>enim</span> <span class='ocrx_word' id='word_1_126' title='bbox 395 2218 562 2298; x_wconf 86' lang='lat' dir='ltr'>Terentius</span> <span class='ocrx_word' id='word_1_127' title='bbox 585 2219 627 2283; x_wconf 89' lang='lat' dir='ltr'>ad</span> <span class='ocrx_word' id='word_1_128' title='bbox 651 2219 782 2307; x_wconf 84' lang='lat' dir='ltr'>Sisyphi</span> <span class='ocrx_word' id='word_1_129' title='bbox 803 2222 947 2288; x_wconf 85' lang='lat' dir='ltr'>fabulam</span> <span class='ocrx_word' id='word_1_130' title='bbox 970 2223 1112 2290; x_wconf 87' lang='lat' dir='ltr'>alludere</span> <span class='ocrx_word' id='word_1_131' title='bbox 1134 2224 1271 2290; x_wconf 83' lang='lat' dir='ltr'>videtur.</span> 
     </span>
    </p>

    <p class='ocr_par' dir='ltr' id='par_1_12' title="bbox 288 2319 1327 2407">
     <span class='ocr_line' id='line_1_19' title="bbox 288 2319 1327 2407; baseline 0.008 -23"><span class='ocrx_word' id='word_1_132' title='bbox 288 2319 404 2384; x_wconf 87' lang='lat' dir='ltr'>Pseud.</span> <span class='ocrx_word' id='word_1_133' title='bbox 434 2321 506 2384; x_wconf 77' lang='lat'>102:</span> <span class='ocrx_word' id='word_1_134' title='bbox 542 2320 616 2387; x_wconf 89' lang='lat' dir='ltr'>Non</span> <span class='ocrx_word' id='word_1_135' title='bbox 648 2321 752 2406; x_wconf 88' lang='lat' dir='ltr'>pluris</span> <span class='ocrx_word' id='word_1_136' title='bbox 785 2324 892 2404; x_wconf 87' lang='lat' dir='ltr'>refert,</span> <span class='ocrx_word' id='word_1_137' title='bbox 927 2343 1024 2407; x_wconf 87' lang='lat' dir='ltr'>quarn</span> <span class='ocrx_word' id='word_1_138' title='bbox 1064 2325 1091 2389; x_wconf 90' lang='lat' dir='ltr'>si</span> <span class='ocrx_word' id='word_1_139' title='bbox 1123 2326 1258 2391; x_wconf 89' lang='lat' dir='ltr'>imbrem</span> <span class='ocrx_word' id='word_1_140' title='bbox 1292 2328 1327 2392; x_wconf 92' lang='lat' dir='ltr'>in</span> 
     </span>
    </p>

    <p class='ocr_par' dir='ltr' id='par_1_13' title="bbox 199 2422 1324 2915">
     <span class='ocr_line' id='line_1_20' title="bbox 356 2422 760 2504; baseline 0.002 -17"><span class='ocrx_word' id='word_1_141' title='bbox 356 2422 497 2488; x_wconf 87' lang='lat' dir='ltr'>cribrum</span> <span class='ocrx_word' id='word_1_142' title='bbox 523 2423 659 2504; x_wconf 84' lang='lat' dir='ltr'>ingeras.</span> <span class='ocrx_word' id='word_1_143' title='bbox 705 2425 760 2488; x_wconf 68' lang='lat' dir='ltr'>Pe.</span> 
     </span>
     <span class='ocr_line' id='line_1_21' title="bbox 200 2524 1322 2614; baseline 0.005 -26"><span class='ocrx_word' id='word_1_144' title='bbox 200 2544 245 2589; x_wconf 83' lang='lat' dir='ltr'>ex</span> <span class='ocrx_word' id='word_1_145' title='bbox 267 2524 381 2591; x_wconf 84' lang='lat' dir='ltr'>Graeci</span> <span class='ocrx_word' id='word_1_146' title='bbox 403 2525 566 2610; x_wconf 88' lang='lat' dir='ltr'>proverbii</span> <span class='ocrx_word' id='word_1_147' title='bbox 589 2527 737 2610; x_wconf 83' lang='lat' dir='ltr'>analogia</span> <span class='ocrx_word' id='word_1_148' title='bbox 760 2530 984 2614; x_wconf 88' lang='lat' dir='ltr'>compositum,</span> <span class='ocrx_word' id='word_1_149' title='bbox 1009 2530 1095 2614; x_wconf 89' lang='lat' dir='ltr'>quod</span> <span class='ocrx_word' id='word_1_150' title='bbox 1120 2530 1322 2612; x_wconf 65' lang='grc' dir='ltr'>11100.5,20Ξ</span> 
     </span>
     <span class='ocr_line' id='line_1_22' title="bbox 199 2627 1324 2719; baseline 0.003 -27"><span class='ocrx_word' id='word_1_151' title='bbox 199 2636 345 2715; x_wconf 76' lang='grc' dir='ltr'>,κοσκίνῳ</span> <span class='ocrx_word' id='word_1_152' title='bbox 368 2627 500 2704; x_wconf 67' lang='grc' dir='ltr'>οἷντλρΐςι</span> <span class='ocrx_word' id='word_1_153' title='bbox 522 2629 700 2713; x_wconf 84' lang='lat' dir='ltr'>velApost.</span> <span class='ocrx_word' id='word_1_154' title='bbox 718 2632 747 2710; x_wconf 81' lang='lat'>9,</span> <span class='ocrx_word' id='word_1_155' title='bbox 765 2633 819 2694; x_wconf 83' lang='lat'>91:</span> <span class='ocrx_word' id='word_1_156' title='bbox 844 2639 988 2718; x_wconf 81' lang='grc' dir='ltr'>,κοσκίνῳ</span> <span class='ocrx_word' id='word_1_157' title='bbox 1011 2631 1097 2716; x_wconf 78' lang='grc' dir='ltr'><strong><em>ὕδωρ</em></strong></span> <span class='ocrx_word' id='word_1_158' title='bbox 1121 2636 1236 2719; x_wconf 71' lang='grc' dir='ltr'>φέρειςι</span> <span class='ocrx_word' id='word_1_159' title='bbox 1259 2636 1324 2696; x_wconf 85' lang='lat' dir='ltr'>tra-</span> 
     </span>
     <span class='ocr_line' id='line_1_23' title="bbox 199 2729 1324 2838; baseline 0.002 -43"><span class='ocrx_word' id='word_1_160' title='bbox 199 2730 295 2838; x_wconf 54' lang='lat' dir='ltr'>dunt,</span> <span class='ocrx_word' id='word_1_161' title='bbox 319 2751 335 2796; x_wconf 88' lang='lat' dir='ltr'>e</span> <span class='ocrx_word' id='word_1_162' title='bbox 359 2730 469 2795; x_wconf 87' lang='lat' dir='ltr'>fabula</span> <span class='ocrx_word' id='word_1_163' title='bbox 497 2729 692 2810; x_wconf 87' lang='lat' dir='ltr'>Danaidum,</span> <span class='ocrx_word' id='word_1_164' title='bbox 716 2731 803 2814; x_wconf 89' lang='lat' dir='ltr'>apud</span> <span class='ocrx_word' id='word_1_165' title='bbox 825 2733 944 2796; x_wconf 82' lang='lat' dir='ltr'>inferos</span> <span class='ocrx_word' id='word_1_166' title='bbox 966 2734 1027 2797; x_wconf 90' lang='lat' dir='ltr'>hoe</span> <span class='ocrx_word' id='word_1_167' title='bbox 1057 2735 1253 2820; x_wconf 88' lang='lat' dir='ltr'>supplicium</span> <span class='ocrx_word' id='word_1_168' title='bbox 1279 2735 1324 2798; x_wconf 86' lang='lat' dir='ltr'>fe-</span> 
     </span>
     <span class='ocr_line' id='line_1_24' title="bbox 199 2831 995 2915; baseline -0.001 -18"><span class='ocrx_word' id='word_1_169' title='bbox 199 2833 353 2911; x_wconf 89' lang='lat' dir='ltr'>rentium,</span> <span class='ocrx_word' id='word_1_170' title='bbox 375 2852 448 2896; x_wconf 89' lang='lat' dir='ltr'>mea</span> <span class='ocrx_word' id='word_1_171' title='bbox 470 2831 600 2915; x_wconf 88' lang='lat' dir='ltr'>quidem</span> <span class='ocrx_word' id='word_1_172' title='bbox 624 2833 783 2896; x_wconf 88' lang='lat' dir='ltr'>sententia</span> <span class='ocrx_word' id='word_1_173' title='bbox 805 2832 995 2897; x_wconf 82' lang='lat' dir='ltr'>derivatum.</span> 
     </span>
    </p>

    <p class='ocr_par' dir='ltr' id='par_1_14' title="bbox 198 2934 1328 3814">
     <span class='ocr_line' id='line_1_25' title="bbox 289 2934 1326 3022; baseline 0.003 -24"><span class='ocrx_word' id='word_1_174' title='bbox 289 2935 440 2999; x_wconf 88' lang='lat' dir='ltr'>Virorum</span> <span class='ocrx_word' id='word_1_175' title='bbox 472 2938 581 2998; x_wconf 90' lang='lat' dir='ltr'>autem</span> <span class='ocrx_word' id='word_1_176' title='bbox 616 2934 842 3022; x_wconf 82' lang='lat' dir='ltr'>excellentium</span> <span class='ocrx_word' id='word_1_177' title='bbox 869 2934 1067 3014; x_wconf 76' lang='lat' dir='ltr'>nominibus,</span> <span class='ocrx_word' id='word_1_178' title='bbox 1102 2937 1157 3019; x_wconf 89' lang='lat' dir='ltr'>qui</span> <span class='ocrx_word' id='word_1_179' title='bbox 1195 2936 1326 3020; x_wconf 86' lang='lat' dir='ltr'>quidem</span> 
     </span>
     <span class='ocr_line' id='line_1_26' title="bbox 199 3035 1326 3124; baseline 0.002 -24"><span class='ocrx_word' id='word_1_180' title='bbox 199 3040 334 3122; x_wconf 87' lang='lat' dir='ltr'>propter</span> <span class='ocrx_word' id='word_1_181' title='bbox 359 3035 518 3117; x_wconf 84' lang='lat' dir='ltr'>insignem</span> <span class='ocrx_word' id='word_1_182' title='bbox 541 3036 683 3119; x_wconf 86' lang='lat' dir='ltr'>aliquam</span> <span class='ocrx_word' id='word_1_183' title='bbox 705 3055 837 3100; x_wconf 87' lang='lat' dir='ltr'>eausam</span> <span class='ocrx_word' id='word_1_184' title='bbox 858 3036 892 3100; x_wconf 91' lang='lat' dir='ltr'>in</span> <span class='ocrx_word' id='word_1_185' title='bbox 921 3036 1025 3100; x_wconf 86' lang='lat' dir='ltr'>lnoem</span> <span class='ocrx_word' id='word_1_186' title='bbox 1047 3037 1231 3121; x_wconf 85' lang='lat' dir='ltr'>famamque</span> <span class='ocrx_word' id='word_1_187' title='bbox 1253 3059 1326 3124; x_wconf 91' lang='lat' dir='ltr'>pro-</span> 
     </span>
     <span class='ocr_line' id='line_1_27' title="bbox 199 3138 1325 3224; baseline 0.004 -23"><span class='ocrx_word' id='word_1_188' title='bbox 199 3138 285 3202; x_wconf 90' lang='lat' dir='ltr'>vecti</span> <span class='ocrx_word' id='word_1_189' title='bbox 312 3142 396 3218; x_wconf 89' lang='lat' dir='ltr'>sunt,</span> <span class='ocrx_word' id='word_1_190' title='bbox 425 3139 613 3224; x_wconf 87' lang='lat' dir='ltr'>saepissime</span> <span class='ocrx_word' id='word_1_191' title='bbox 641 3143 776 3222; x_wconf 87' lang='lat' dir='ltr'>uterque</span> <span class='ocrx_word' id='word_1_192' title='bbox 805 3144 902 3224; x_wconf 90' lang='lat' dir='ltr'>poeta</span> <span class='ocrx_word' id='word_1_193' title='bbox 937 3140 1182 3224; x_wconf 87' lang='lat' dir='ltr'>proverbialiter</span> <span class='ocrx_word' id='word_1_194' title='bbox 1212 3142 1325 3206; x_wconf 86' lang='lat' dir='ltr'>utitur.</span> 
     </span>
     <span class='ocr_line' id='line_1_28' title="bbox 199 3239 1326 3308; baseline 0.003 -4"><span class='ocrx_word' id='word_1_195' title='bbox 199 3239 311 3304; x_wconf 87' lang='lat' dir='ltr'>Veluti</span> <span class='ocrx_word' id='word_1_196' title='bbox 321 3241 455 3305; x_wconf 89' lang='lat' dir='ltr'>Plautus</span> <span class='ocrx_word' id='word_1_197' title='bbox 467 3240 528 3305; x_wconf 93' lang='lat' dir='ltr'>hoo</span> <span class='ocrx_word' id='word_1_198' title='bbox 546 3241 641 3305; x_wconf 88' lang='lat' dir='ltr'>modo</span> <span class='ocrx_word' id='word_1_199' title='bbox 654 3243 849 3307; x_wconf 89' lang='lat' dir='ltr'>mentionem</span> <span class='ocrx_word' id='word_1_200' title='bbox 860 3243 1086 3307; x_wconf 85' lang='lat' dir='ltr'>facit-Thalis</span> <span class='ocrx_word' id='word_1_201' title='bbox 1101 3243 1134 3306; x_wconf 89' lang='lat' dir='ltr'>in</span> <span class='ocrx_word' id='word_1_202' title='bbox 1145 3242 1228 3308; x_wconf 87' lang='lat' dir='ltr'>Rud.</span> <span class='ocrx_word' id='word_1_203' title='bbox 1245 3245 1326 3307; x_wconf 89' lang='grc'>1003</span> 
     </span>
     <span class='ocr_line' id='line_1_29' title="bbox 199 3342 1327 3428; baseline 0.002 -21"><span class='ocrx_word' id='word_1_204' title='bbox 199 3348 234 3407; x_wconf 92' lang='lat' dir='ltr'>et</span> <span class='ocrx_word' id='word_1_205' title='bbox 268 3342 345 3408; x_wconf 90' lang='lat' dir='ltr'>alibi</span> <span class='ocrx_word' id='word_1_206' title='bbox 371 3344 425 3426; x_wconf 91' lang='lat' dir='ltr'>(of.</span> <span class='ocrx_word' id='word_1_207' title='bbox 453 3343 619 3428; x_wconf 82' lang='lat' dir='ltr'>Aristoph.</span> <span class='ocrx_word' id='word_1_208' title='bbox 654 3344 715 3410; x_wconf 78' lang='lat' dir='ltr'>Au.</span> <span class='ocrx_word' id='word_1_209' title='bbox 748 3348 838 3409; x_wconf 84' lang='lat'>1010.</span> <span class='ocrx_word' id='word_1_210' title='bbox 876 3345 962 3412; x_wconf 88' lang='lat' dir='ltr'>Nub.</span> <span class='ocrx_word' id='word_1_211' title='bbox 1001 3346 1085 3428; x_wconf 84' lang='lat'>180),</span> <span class='ocrx_word' id='word_1_212' title='bbox 1124 3344 1259 3410; x_wconf 82' lang='lat' dir='ltr'>Ulixis</span> <span class='ocrx_word' id='word_1_213' title='bbox 1293 3345 1327 3409; x_wconf 89' lang='lat' dir='ltr'>in</span> 
     </span>
     <span class='ocr_line' id='line_1_30' title="bbox 200 3444 1327 3530; baseline -0.001 -21"><span class='ocrx_word' id='word_1_214' title='bbox 200 3444 315 3510; x_wconf 83' lang='lat' dir='ltr'>Pseud.</span> <span class='ocrx_word' id='word_1_215' title='bbox 335 3446 416 3508; x_wconf 85' lang='lat'>1063</span> <span class='ocrx_word' id='word_1_216' title='bbox 444 3445 498 3528; x_wconf 87' lang='lat' dir='ltr'>(cf.</span> <span class='ocrx_word' id='word_1_217' title='bbox 522 3444 602 3510; x_wconf 90' lang='lat' dir='ltr'>Mac.</span> <span class='ocrx_word' id='word_1_218' title='bbox 620 3447 649 3526; x_wconf 87' lang='lat'>6,</span> <span class='ocrx_word' id='word_1_219' title='bbox 666 3447 707 3509; x_wconf 93' lang='grc'>20</span> <span class='ocrx_word' id='word_1_220' title='bbox 730 3445 865 3530; x_wconf 86' lang='lat' dir='ltr'>adnot),</span> <span class='ocrx_word' id='word_1_221' title='bbox 889 3445 1056 3511; x_wconf 81' lang='lat' dir='ltr'>Calchas</span> <span class='ocrx_word' id='word_1_222' title='bbox 1079 3447 1113 3510; x_wconf 90' lang='lat' dir='ltr'>in</span> <span class='ocrx_word' id='word_1_223' title='bbox 1138 3445 1279 3526; x_wconf 82' lang='grc'>110105,</span> <span class='ocrx_word' id='word_1_224' title='bbox 1299 3449 1327 3526; x_wconf 92' lang='grc'>1,</span> 
     </span>
     <span class='ocr_line' id='line_1_31' title="bbox 201 3544 1328 3630; baseline 0.005 -24"><span class='ocrx_word' id='word_1_225' title='bbox 201 3546 264 3608; x_wconf 97' lang='grc'>104</span> <span class='ocrx_word' id='word_1_226' title='bbox 286 3545 340 3628; x_wconf 87' lang='lat' dir='ltr'>(of.</span> <span class='ocrx_word' id='word_1_227' title='bbox 365 3544 462 3630; x_wconf 88' lang='lat' dir='ltr'>Soph.</span> <span class='ocrx_word' id='word_1_228' title='bbox 486 3546 539 3610; x_wconf 80' lang='lat' dir='ltr'>ni.</span> <span class='ocrx_word' id='word_1_229' title='bbox 567 3547 685 3610; x_wconf 80' lang='grc'>14601</span> <span class='ocrx_word' id='word_1_230' title='bbox 717 3545 758 3610; x_wconf 92' lang='lat' dir='ltr'>ad</span> <span class='ocrx_word' id='word_1_231' title='bbox 780 3547 810 3612; x_wconf 93' lang='lat' dir='ltr'>h.</span> <span class='ocrx_word' id='word_1_232' title='bbox 845 3548 865 3611; x_wconf 95' lang='lat' dir='ltr'>l.</span> <span class='ocrx_word' id='word_1_233' title='bbox 900 3547 1134 3630; x_wconf 84' lang='lat' dir='ltr'>scholiastam),</span> <span class='ocrx_word' id='word_1_234' title='bbox 1169 3547 1328 3612; x_wconf 89' lang='lat' dir='ltr'>Tithoni</span> 
     </span>
     <span class='ocr_line' id='line_1_32' title="bbox 198 3645 1327 3734; baseline 0.001 -23"><span class='ocrx_word' id='word_1_235' title='bbox 198 3649 234 3711; x_wconf 90' lang='lat' dir='ltr'>in</span> <span class='ocrx_word' id='word_1_236' title='bbox 266 3645 578 3727; x_wconf 54' lang='grc' dir='ltr'>1101100621θί</span> <span class='ocrx_word' id='word_1_237' title='bbox 612 3649 665 3731; x_wconf 84' lang='lat' dir='ltr'>(cf.</span> <span class='ocrx_word' id='word_1_238' title='bbox 695 3649 822 3729; x_wconf 81' lang='grc' dir='ltr'>Ζο11.6,</span> <span class='ocrx_word' id='word_1_239' title='bbox 846 3650 911 3734; x_wconf 88' lang='grc'>18),</span> <span class='ocrx_word' id='word_1_240' title='bbox 945 3648 1259 3734; x_wconf 87' lang='lat' dir='ltr'>Bellerophontis</span> <span class='ocrx_word' id='word_1_241' title='bbox 1293 3651 1327 3712; x_wconf 91' lang='lat' dir='ltr'>in</span> 
     </span>
     <span class='ocr_line' id='line_1_33' title="bbox 199 3749 404 3814; baseline -0.005 0"><span class='ocrx_word' id='word_1_242' title='bbox 199 3749 315 3814; x_wconf 86' lang='lat' dir='ltr'>Bacch.</span> <span class='ocrx_word' id='word_1_243' title='bbox 332 3751 404 3814; x_wconf 83' lang='lat'>810.</span> 
     </span>
    </p>

    <p class='ocr_par' dir='ltr' id='par_1_15' title="bbox 200 3849 1378 4140">
     <span class='ocr_line' id='line_1_34' title="bbox 285 3849 1327 3936; baseline -0.003 -20"><span class='ocrx_word' id='word_1_244' title='bbox 285 3850 453 3918; x_wconf 85' lang='lat' dir='ltr'>Accedunt</span> <span class='ocrx_word' id='word_1_245' title='bbox 487 3850 624 3936; x_wconf 88' lang='lat' dir='ltr'>denique</span> <span class='ocrx_word' id='word_1_246' title='bbox 650 3872 761 3936; x_wconf 76' lang='lat' dir='ltr'>provn</span> <span class='ocrx_word' id='word_1_247' title='bbox 790 3871 871 3936; x_wconf 89' lang='lat' dir='ltr'>qnae</span> <span class='ocrx_word' id='word_1_248' title='bbox 902 3873 922 3916; x_wconf 89' lang='lat' dir='ltr'>a</span> <span class='ocrx_word' id='word_1_249' title='bbox 947 3852 1091 3916; x_wconf 88' lang='lat' dir='ltr'>locorum</span> <span class='ocrx_word' id='word_1_250' title='bbox 1125 3849 1327 3934; x_wconf 87' lang='lat' dir='ltr'>quorundam</span> 
     </span>
     <span class='ocr_line' id='line_1_35' title="bbox 200 3951 1378 4046; baseline -0.003 -28"><span class='ocrx_word' id='word_1_251' title='bbox 200 3957 260 4018; x_wconf 87' lang='lat' dir='ltr'>aut</span> <span class='ocrx_word' id='word_1_252' title='bbox 280 3953 393 4020; x_wconf 87' lang='lat' dir='ltr'>ineolis</span> <span class='ocrx_word' id='word_1_253' title='bbox 416 3953 497 4039; x_wconf 84' lang='lat' dir='ltr'>ipsis</span> <span class='ocrx_word' id='word_1_254' title='bbox 520 3960 579 4020; x_wconf 86' lang='lat' dir='ltr'>aut</span> <span class='ocrx_word' id='word_1_255' title='bbox 601 3973 712 4020; x_wconf 88' lang='lat' dir='ltr'>eornm</span> <span class='ocrx_word' id='word_1_256' title='bbox 734 3954 873 4046; x_wconf 89' lang='lat' dir='ltr'>propriis</span> <span class='ocrx_word' id='word_1_257' title='bbox 897 3955 964 4020; x_wconf 83' lang='lat' dir='ltr'>sive</span> <span class='ocrx_word' id='word_1_258' title='bbox 987 3953 1139 4019; x_wconf 88' lang='lat' dir='ltr'>laudibus</span> <span class='ocrx_word' id='word_1_259' title='bbox 1155 3953 1223 4018; x_wconf 88' lang='lat' dir='ltr'>sive</span> <span class='ocrx_word' id='word_1_260' title='bbox 1237 3951 1328 4016; x_wconf 82' lang='lat' dir='ltr'>uitiis</span> <span class='ocrx_word' id='word_1_261' title='bbox 1376 3979 1378 3986; x_wconf 95' lang='lat'>·</span> 
     </span>
     <span class='ocr_line' id='line_1_36' title="bbox 200 4055 922 4140; baseline 0.004 -21"><span class='ocrx_word' id='word_1_262' title='bbox 200 4059 381 4140; x_wconf 78' lang='lat' dir='ltr'>captantur.</span> <span class='ocrx_word' id='word_1_263' title='bbox 428 4055 522 4132; x_wconf 84' lang='lat' dir='ltr'>Quod</span> <span class='ocrx_word' id='word_1_264' title='bbox 544 4078 646 4140; x_wconf 81' lang='lat' dir='ltr'>genus</span> <span class='ocrx_word' id='word_1_265' title='bbox 669 4075 839 4138; x_wconf 83' lang='lat' dir='ltr'>cognosces</span> <span class='ocrx_word' id='word_1_266' title='bbox 862 4056 922 4122; x_wconf 87' lang='lat' dir='ltr'>his.</span> 
     </span>
    </p>

    <p class='ocr_par' dir='ltr' id='par_1_16' title="bbox 286 4155 1224 4242">
     <span class='ocr_line' id='line_1_37' title="bbox 286 4155 1224 4242; baseline -0.004 -20"><span class='ocrx_word' id='word_1_267' title='bbox 286 4156 357 4224; x_wconf 82' lang='lat' dir='ltr'>Cas.</span> <span class='ocrx_word' id='word_1_268' title='bbox 374 4157 413 4238; x_wconf 87' lang='lat' dir='ltr'>V,</span> <span class='ocrx_word' id='word_1_269' title='bbox 429 4160 459 4237; x_wconf 87' lang='grc'>4,</span> <span class='ocrx_word' id='word_1_270' title='bbox 479 4160 509 4222; x_wconf 89' lang='lat' dir='ltr'>l:</span> <span class='ocrx_word' id='word_1_271' title='bbox 533 4157 639 4222; x_wconf 89' lang='lat' dir='ltr'>Mores</span> <span class='ocrx_word' id='word_1_272' title='bbox 661 4155 888 4223; x_wconf 87' lang='lat' dir='ltr'>Massilienses.</span> <span class='ocrx_word' id='word_1_273' title='bbox 934 4159 972 4222; x_wconf 84' lang='lat' dir='ltr'>oi.</span> <span class='ocrx_word' id='word_1_274' title='bbox 996 4159 1110 4242; x_wconf 84' lang='lat' dir='ltr'>Apost.</span> <span class='ocrx_word' id='word_1_275' title='bbox 1127 4160 1156 4236; x_wconf 91' lang='grc'>6,</span> <span class='ocrx_word' id='word_1_276' title='bbox 1174 4159 1224 4220; x_wconf 87' lang='grc'>69.</span> 
     </span>
    </p>
   </div>
   <div class='ocr_carea' id='block_1_7' title="bbox 285 4241 913 4327">
    <p class='ocr_par' dir='ltr' id='par_1_17' title="bbox 285 4241 913 4327">
     <span class='ocr_line' id='line_1_38' title="bbox 285 4241 913 4327; baseline 0.005 -4"><span class='ocrx_word' id='word_1_277' title='bbox 285 4258 377 4326; x_wconf 85' lang='lat' dir='ltr'>Asin.</span> <span class='ocrx_word' id='word_1_278' title='bbox 396 4261 470 4326; x_wconf 86' lang='lat'>199:</span> <span class='ocrx_word' id='word_1_279' title='bbox 495 4258 617 4327; x_wconf 78' lang='lat' dir='ltr'>Graera</span> <span class='ocrx_word' id='word_1_280' title='bbox 639 4279 820 4326; x_wconf 85' lang='lat' dir='ltr'>mercamur</span> <span class='ocrx_word' id='word_1_281' title='bbox 841 4241 913 4326; x_wconf 88' lang='lat' dir='ltr'>fide.</span> 
     </span>
    </p>
   </div>
   <div class='ocr_carea' id='block_1_8' title="bbox 0 0 1642 4964">
    <p class='ocr_par' dir='ltr' id='par_1_18' title="bbox 0 0 1642 4964">
     <span class='ocr_line' id='line_1_39' title="bbox 0 0 1642 4964; baseline 0 2"><span class='ocrx_word' id='word_1_282' title='bbox 0 0 1642 4964; x_wconf 95' lang='lat' dir='ltr'> </span> 
     </span>
    </p>
   </div>
  </div>
 </body>
</html>
