3274 4964
669 377 882 437 ..41„.

204 545 348 612 scribere
372 547 527 631 potuerit:
563 544 789 621 ,Proverbium‘
811 547 888 630 quia
910 545 992 612 Geta
1013 545 1093 612 haee
1119 545 1216 612 uerba
1238 546 1279 612 ad
1307 567 1343 624 se

211 649 332 735 ipsum,
355 668 420 716 non
442 648 483 714 ud
506 647 641 715 alteram
663 667 836 736 personam
859 667 1042 726 conversus,
1066 649 1152 714 facit.
1169 699 1170 704 η
1190 647 1271 714 Item
1292 669 1345 715 res

210 772 246 818 se
270 751 368 818 habet
389 753 422 818 in
444 750 569 818 Phorm.
592 751 666 818 318.
711 749 796 828 Quin
818 751 916 816 etiam
937 751 971 816 in
993 755 1078 827 nota,
1103 749 1145 817 ad
1165 750 1247 818 Eun.
1265 753 1343 816 245:

222 855 304 922 Tota
327 873 430 920 erras
452 854 513 919 uia'
535 855 652 940 posita,
680 851 808 920 Donato
837 853 1007 938 genuinam
1038 853 1232 939 scripturam
1259 857 1345 918 recte

211 958 293 1024 mihi
314 956 426 1024 videor
448 957 627 1032 restituere,
652 956 903 1045 ,παρόμοιονᾎ
925 955 1010 1040 quod
1030 955 1135 1038 vulgo,
1157 955 1214 1021 sed
1235 975 1344 1041 prave,

209 1065 248 1126 ut
279 1064 379 1148 patet,
408 1060 535 1142 legitur,
563 1077 640 1124 mea·
666 1059 825 1144 opinione,
856 1077 953 1144 quam
984 1058 1077 1122 modo
1105 1057 1250 1144 patefeci,
1279 1077 1344 1124 non
1462 1097 1465 1106 ι

213 1162 415 1239 labefactata,
431 1163 465 1228 in
489 1161 710 1248 ,napotpta'
725 1165 864 1226 mutans.
907 1159 991 1226 Nam
1007 1159 1058 1226 hie
1078 1180 1199 1245 quoque
1213 1158 1342 1226 Gnatho

212 1286 279 1340 non
301 1286 371 1332 eum
393 1265 494 1332 altera
520 1283 657 1350 persona
684 1263 880 1354 colloquitur,
913 1263 969 1328 sed
998 1263 1088 1346 fingit
1114 1263 1341 1342 adversarium,

213 1369 264 1434 oui
287 1367 366 1434 illud
387 1367 591 1454 proverbium
614 1367 708 1453 quasi
731 1367 845 1444 obicit;
867 1386 901 1430 re
924 1385 999 1432 vera
1021 1367 1107 1432 solus
1122 1367 1155 1431 in
1172 1365 1232 1432 hac
1247 1384 1342 1430 scena

214 1479 393 1538 sermonem
413 1469 519 1536 habet.
565 1470 729 1536 Postremo
752 1471 786 1535 in
807 1468 889 1535 hanc
912 1470 1132 1554 quaestionem
1155 1468 1255 1533 uenit:
1322 1539 1324 1542 ,

299 1573 380 1640 Eun.
406 1574 486 1638 832:
510 1571 658 1648 Scelesta,
684 1591 774 1637 ovem
797 1572 874 1658 lupo
897 1569 1103 1637 commisisti.
1152 1571 1209 1635 Th.

213 1679 262 1743 nt
282 1677 367 1744 enim
394 1677 429 1742 in
455 1675 538 1742 hunc
563 1675 669 1742 locum
697 1673 731 1739 id
758 1675 842 1760 quod
871 1674 909 1739 de
936 1673 1057 1740 Donati
1083 1673 1207 1739 ratione
1230 1671 1341 1758 dispu-

214 1779 364 1854 tavimus,
387 1778 519 1844 minime
542 1776 668 1843 uidetur
682 1778 845 1862 quadrare.
882 1775 967 1843 Nam
983 1773 1045 1842 etsi
1059 1775 1194 1862 loquens
1209 1773 1340 1839 Thaidis

215 1901 354 1968 persona
375 1881 577 1968 proverbium
599 1879 680 1946 illud
701 1899 766 1945 non
789 1880 829 1946 ad
852 1900 886 1945 se
908 1881 1021 1966 ipsam,
1051 1880 1105 1945 sed
1133 1879 1174 1944 ad
1203 1877 1337 1942 alteram

211 1983 344 2069 Pythiae
358 2003 530 2070 personam
553 1985 657 2059 refert,
681 1988 788 2048 tamen
804 1981 952 2048 Donatus
975 1984 1008 2047 in
1030 1981 1180 2048 lemmate
1204 1981 1337 2066 apponit

211 2087 286 2154 hoc:
314 2085 410 2162 ,Bene
434 2085 570 2152 dilatum
594 2090 644 2151 tot
666 2084 884 2150 occasionibus
906 2084 1338 2170 proverbiumpersonne

635 2187 640 2204 ἱ

644 2241 650 2252 ι

210 2187 342 2256 Thaidis
364 2189 562 2278 adscriptum
585 2193 633 2254 est
674 2225 715 2236 --
738 2187 803 2255 Sed
827 2187 1041 2268 ,commisisti',
1064 2188 1141 2272 quia
1167 2189 1267 2252 metro
1289 2203 1337 2247 re-

210 2297 341 2378 pugnat,
364 2311 383 2356 a
406 2289 552 2357 Terentio
574 2311 637 2357 non
659 2311 729 2357 esse
756 2293 944 2377 proiectum,
975 2289 1032 2356 sed
1060 2288 1261 2356 librariorum
1290 2288 1338 2351 in-

210 2393 301 2462 curia
330 2395 363 2459 in
391 2397 517 2462 textum
546 2394 724 2480 irrepsisse,
762 2392 947 2478 planissime
978 2398 1126 2480 apparet3
1160 2390 1337 2469 ,commisti

211 2504 321 2569 autem
349 2499 486 2564 formam
514 2497 651 2563 editores
681 2503 796 2583 poetae
826 2497 1002 2564 obtrusisse
1029 2499 1136 2584 potius
1166 2515 1263 2582 quam
1288 2513 1337 2558 re-

210 2603 354 2668 stituisse
377 2601 571 2666 crediderim.
616 2598 700 2666 Nam
723 2600 782 2666 hoc
806 2590 835 2665 si
856 2599 1021 2668 Terentius
1041 2601 1231 2687 scripsisset,
1248 2596 1336 2669 seho-

208 2705 322 2772 liastae
346 2708 402 2770 aut
424 2702 466 2769 ad
487 2702 571 2769 hune
592 2702 697 2767 locum
719 2703 893 2788 quidquam
916 2704 953 2768 de
969 2722 1127 2788 syncopae
1153 2703 1257 2785 figura
1282 2702 1336 2765 ad·

208 2811 321 2873 notare
341 2826 407 2872 nun
436 2806 688 2897 immisissent,
718 2810 774 2871 aut
801 2803 840 2870 ud
868 2823 1089 2892 praegressum
1116 2825 1252 2880 versum,
1280 2802 1335 2868 ubi

209 2911 248 2975 de
269 2911 373 2975 forma
395 2908 488 2986 ,iusti’
511 2907 757 2994 exphoaverunt‚
780 2907 861 2972 hano
882 2926 1013 2991 prorsus
1036 2907 1178 2986 similem·
1198 2907 1335 2984 formam

143 3072 147 3078 .
209 3013 306 3078 vieini
328 3031 441 3078 versus
464 3011 531 3077 sine
555 3009 650 3076 dubio
674 3010 813 3096 exempli
841 3010 944 3092 gratia
972 3009 1187 3085 attulissent„
1223 3007 1335 3091 ltaque

210 3136 284 3182 unm
306 3114 451 3182 Bentleio
474 3113 619 3179 Terentio
642 3134 750 3181 veram
767 3133 856 3180 suam
871 3114 1021 3179 formam:
1046 3111 1241 3189 ,commisi
1264 3109 1336 3176 red-

211 3217 285 3284 dere
307 3237 372 3282 non
393 3215 512 3291 dubito,
536 3215 623 3281 idem
644 3217 678 3282 in
702 3217 846 3303 exemplo
870 3237 926 3282 suo
942 3215 1107 3282 Donatum
1128 3220 1160 3280 et
1174 3214 1289 3298 legisse
1305 3219 1337 3279 et

210 3322 244 3386 in
266 3319 417 3384 lemmate
440 3318 596 3404 posuisse,
627 3318 682 3383 sed
713 3318 892 3384 alibrariis
918 3318 999 3383 falso
1028 3318 1161 3382 citatum
1190 3336 1258 3382 esse
1287 3336 1336 3381 ar·

209 3423 357 3488 bitratus.

295 3522 365 3590 Hoc
387 3524 486 3606 igitur
505 3527 616 3587 nostra
638 3521 857 3608 disputatione
879 3520 998 3606 liquere
1020 3521 1155 3602 videtum,
1171 3521 1334 3588 Donatum

209 3631 335 3713 praeter
356 3645 411 3692 eos
433 3624 530 3704 locos,
554 3643 635 3708 quos
656 3623 753 3689 modo
777 3625 889 3700 exemi,
914 3626 1026 3690 ceteris
1044 3625 1198 3699 omnibus,
1219 3624 1335 3710 quippe

211 3729 267 3814 qni
289 3725 444 3794 eGraeou
467 3746 610 3792 sermone
634 3725 782 3793 translati
805 3729 918 3801 essent,
940 3725 1136 3791 Terentianis
1159 3725 1336 3812 proverbiis

211 3834 321 3917 aptam
343 3828 460 3896 addere
481 3835 591 3895 nomm
615 3829 824 3895 consuevisse.
870 3826 989 3894 Contra
1003 3833 1148 3914 superest
1162 3829 1252 3912 larga
1265 3849 1336 3914 pro-

213 3932 393 4004 verbiorum
416 3932 516 4018 copia,
533 3950 613 4016 quae
628 3933 759 4016 propter
772 3929 961 4002 brevitatem
976 3931 1123 4010 Romana
1138 3929 1242 3996 dicere
1257 3928 1335 4015 mihi

210 4023 314 4110 liceat,
331 4053 413 4119 quae
425 4035 531 4100 omnia
545 4032 643 4100 simili
659 4031 859 4115 grammatici
875 4037 1053 4098 commento
1069 4053 1200 4120 prorsus
1211 4038 1335 4100 uacant.

210 4133 308 4216 Nulla
330 4140 437 4202 autem
459 4155 556 4204 causa
576 4136 610 4200 in
631 4139 783 4220 promptu
806 4155 874 4200 esse
898 4133 1029 4213 videtur,
1042 4213 1043 4216 Ἴ
1055 4157 1111 4203 cur
1125 4136 1271 4204 Donatus
1286 4142 1338 4202 tot

204 4223 306 4320 locos,
330 4241 384 4324 qui
406 4244 461 4304 aut
483 4241 553 4330 ipso
578 4238 731 4306 orationis
754 4237 856 4303 colore
880 4243 935 4304 aut
958 4241 1052 4304 certis
1080 4237 1217 4303 ahomm
1245 4239 1337 4306 testi-
