3274 4964
247 1549 378 1670 poetas
402 1605 553 1685 comicos,
582 1624 656 1670 cum
683 1603 725 1669 ad
747 1602 979 1690 depingendam
1004 1603 1089 1668 vitae
1110 1602 1288 1669 cotidianae
1314 1629 1316 1633 ·

158 1711 332 1790 imaginem
354 1707 513 1772 coloribus
535 1711 670 1772 utantur
692 1727 732 1770 ex
753 1707 825 1793 ipsa
851 1705 1013 1770 communi
1034 1705 1201 1770 hominum
1222 1708 1290 1774 vita

160 1811 282 1896 petitis,
304 1828 369 1874 non
392 1813 440 1874 est
461 1809 590 1888 mirum,
614 1807 722 1873 omnia
743 1808 777 1872 in
798 1827 894 1872 usum
924 1826 1019 1870 suum
1039 1799 1169 1888 vertere,
1193 1827 1290 1892 quae·

164 1931 288 1996 cunque
299 1913 333 1976 in
348 1910 437 1992 vulgi
452 1911 588 1992 ingeniis
603 1909 810 1992 moribusque
825 1909 932 1993 posita
943 1913 1053 1993 aptam
1069 1910 1132 1973 arti
1146 1910 1290 1994 poeticae

168 1997 336 2078 materiam
357 2011 539 2096 praebeant.
563 2011 661 2075 Velut
683 2010 862 2096 proverbia,
883 2009 1035 2092 reliquias
1057 2011 1180 2094 priscae
1202 2010 1290 2075 illius

166 2113 398 2199 philosophiae,
421 2131 503 2196 quae
526 2111 655 2196 quidem
677 2113 805 2198 penitus
827 2111 993 2176 hominum
1016 2111 1130 2176 animis
1153 2131 1190 2176 ao
1205 2113 1292 2194 cogi·

167 2215 346 2281 tationibus
372 2215 487 2278 infixae
515 2217 603 2293 sunt,
637 2233 695 2278 suo
724 2215 793 2279 iure
821 2218 934 2300 poetae
963 2215 1101 2278 orationi
1134 2214 1291 2278 intexunt.

172 2317 275 2395 Quam
302 2314 567 2381 consuetudinem
588 2315 801 2380 vetustiorum
827 2320 994 2401 poetarum
1017 2317 1067 2381 vel
1100 2314 1293 2381 Graecorum

171 2418 219 2481 vel
234 2417 450 2482 Romanorum
473 2435 531 2479 nec
545 2415 680 2480 Plautus
704 2416 812 2481 omisit
831 2435 888 2480 neo
902 2416 1078 2497 Terentius
1101 2418 1134 2480 in
1157 2436 1294 2501 quorum

172 2518 338 2602 utriusque
360 2537 455 2582 usum
478 2504 718 2602 proverbiorum
741 2517 922 2582 accuratius
943 2518 1103 2602 inquirere
1126 2523 1157 2582 et
1178 2519 1247 2582 loco
1264 2523 1295 2582 et

175 2620 308 2702 tempori
332 2618 483 2684 idoneum
510 2637 578 2682 esse
600 2616 824 2682 iudicavimus.
871 2617 924 2684 Sic
950 2623 1057 2684 autom
1079 2620 1161 2685 hanc
1184 2618 1295 2704 dispu-

175 2717 328 2781 tationem
348 2719 569 2797 instituemuS,
597 2722 635 2781 ut
662 2718 753 2802 prius
776 2716 815 2781 de
838 2721 1033 2800 argumentis
1055 2721 1296 2806 proverbiorum

175 2818 383 2904 explicemus,
418 2818 713 2905 interpretationem
749 2818 877 2882 nonnisi
910 2819 950 2882 iis
989 2819 1067 2884 locis
1102 2821 1296 2901 adhibentes

173 2923 311 3006 quorum
334 2921 382 2985 vel
404 2941 515 2986 sensus
531 2920 624 2984 aliter
645 2919 737 2983 nobis
753 2917 901 2983 videatur
915 2919 1089 3005 capiendus
1111 2942 1178 2987 esse
1201 2927 1297 3006 atque

69 3027 73 3032 '
171 3023 400 3108 interpretibus
415 3021 621 3102 doctissimis,
637 3023 688 3085 vel
700 3021 859 3106 scriptura
874 3023 1119 3108 explicationem
1130 3023 1297 3104 desideret,

173 3124 287 3191 deinde
310 3123 348 3190 de
369 3144 432 3189 usu
455 3143 492 3188 ac
513 3123 650 3203 ratione,
681 3143 779 3207 quam
808 3129 920 3209 poetae
947 3126 987 3190 in·
1007 3127 1183 3212 proverbiis
1204 3147 1299 3192 usur·

172 3226 289 3314 pandis
312 3226 414 3291 secuti
437 3226 510 3304 sint,
532 3229 780 3309 perscrutemur.
886 3311 888 3314 v

259 3327 320 3392 Est
342 3333 451 3393 autem
473 3326 677 3412 proverbium
693 3324 816 3392 dictum
831 3326 994 3410 quoddam
1018 3329 1147 3411 celebre,
1171 3351 1211 3396 ex
1228 3331 1301 3395 uni·

174 3431 259 3494 versi
281 3430 371 3512 vulgi
393 3432 497 3493 mente
521 3429 614 3512 quasi
632 3431 746 3491 natum
761 3426 895 3511 ideoque
908 3429 1082 3513 unicuique
1098 3432 1162 3495 fere
1177 3438 1300 3496 notum.

174 3531 265 3598 Haec
287 3531 427 3598 definitio
450 3528 531 3593 mihi
553 3547 679 3593 omnem
701 3528 767 3591 vim
784 3534 982 3594 conaturam
1000 3533 1161 3615 proverbii
1176 3532 1303 3598 videtur

173 3653 310 3720 prorsus
333 3631 510 3718 complecti.
554 3629 605 3694 lla
626 3629 718 3693 enim'
733 3629 838 3710 verba,
861 3649 943 3714 quae
965 3653 1005 3696 ex
1026 3633 1167 3698 universi
1189 3637 1302 3720 populi

148 3739 282 3801 'mente
308 3737 498 3812 naseuntur,
535 3732 719 3817 exprimunt
746 3729 929 3796 universam
957 3733 1025 3796 eius
1048 3735 1205 3799 rationem
1232 3757 1303 3800 seu-

174 3834 289 3916 tiendi,
313 3832 486 3917 cogitandi,
508 3830 685 3897 iudicandi:
708 3830 837 3912 eadem,
865 3852 938 3897 cum
960 3835 1133 3920 unicuique
1160 3837 1224 3901 fere
1246 3858 1304 3902 no-

177 3939 329 4017 scuntur,
366 3936 556 4021 imprimunt
593 3933 727 4016 singulis
763 3935 864 3998 totius
897 3935 1010 4020 populi
1043 3937 1305 4004 consuetudinem

175 4037 340 4124 cupiendi,
363 4036 498 4117 dicendi,
523 4032 645 4117 agendi.
690 4034 739 4098 lta
760 4033 889 4118 quidem
911 4036 959 4116 fit,
982 4040 1020 4100 ut
1041 4039 1210 4121 proverbia
1232 4041 1305 4105 uni-

174 4161 308 4208 versum
330 4138 444 4224 populi
470 4136 634 4220 ingenium
660 4154 697 4199 ac
722 4155 824 4200 mores
853 4136 1029 4202 luculenter
1056 4139 1241 4221 significent.
1264 4178 1306 4187 -

174 4241 234 4310 Ad
262 4261 335 4306 eum
365 4245 472 4305 autem
497 4239 592 4302 finem
619 4235 790 4301 intendunt
818 4242 850 4301 et
875 4238 1026 4303 Plautina
1054 4245 1086 4304 et
1107 4240 1305 4324 Terentiana,
1365 4333 1366 4338 ἵ

1140 4345 1152 4393 r
