3274 4964
804 432 995 492 ..6-

335 619 433 664 usum
449 598 694 676 alhibebantur3
711 599 796 682 quod
811 598 979 664 discrimen
992 598 1101 664 Babrii
1112 600 1223 665 fabula
1235 602 1253 662 7
1256 601 1275 663 6
1286 598 1467 666 luculenter
1595 627 1596 662 l

336 700 528 765 illustratur.
573 702 694 786 Aperte
709 701 808 784 igitur
830 699 890 765 hoc
905 701 967 766 sibi
982 702 1051 766 vult
1066 699 1224 768 Graecum
1246 701 1466 787 proverbium:
1595 719 1596 726 ¹

336 801 398 882 ,Ab
421 802 567 867 inferiore
583 802 652 867 loco
670 803 710 868 ad
726 803 867 868 ordinem
882 803 1023 868 melioris
1039 805 1136 869 sortis
1150 805 1307 869 transire!
1345 801 1465 870 Contra

337 925 356 967 a
378 903 559 969 discrimine
581 905 674 987 longe
697 905 760 975 alio
776 905 986 990 proficiscitur
1000 905 1177 970 Romanum
1198 904 1400 992 proverbium
1414 905 1465 972 vel

336 1005 468 1071 Plautus
489 1007 523 1070 in
544 1004 664 1072 Graeco
688 1005 743 1070 illo
766 1007 933 1071 reddendo.
979 1007 1153 1092 Comparat
1175 1008 1258 1073 enim
1280 1027 1351 1072 cum
1374 1008 1464 1072 asino

336 1107 450 1172 bovem
476 1107 507 1173 h.
531 1129 557 1172 e.
581 1108 718 1188 animal,
752 1109 836 1192 quod
871 1113 976 1173 aratro
1006 1108 1055 1172 vel
1082 1109 1226 1194 plaustro
1261 1109 1465 1174 subiunctum·

336 1210 466 1274 rusticis
490 1213 617 1274 tantum
648 1209 797 1296 operibus
819 1210 972 1275 faciendis
1000 1215 1034 1274 et
1056 1211 1142 1296 apud
1164 1209 1301 1276 Graecos
1323 1215 1356 1275 et
1378 1211 1464 1297 apud

336 1311 497 1376 Romanos
520 1312 595 1376 usui
617 1311 688 1376 fuit.
732 1311 841 1376 Aliam
863 1312 964 1394 igitur
986 1313 1158 1394 imaginem
1172 1312 1318 1398 depingit
1331 1309 1466 1377 Latinus

270 1429 272 1436 ’
335 1417 448 1498 poeta,
487 1411 583 1478 aliam
619 1413 727 1500 prodit
759 1411 916 1479 Graecum
953 1414 1167 1498 proverbium.
1222 1413 1332 1496 Neque
1368 1414 1465 1492 enim,

337 1514 507 1580 ascendens
530 1535 550 1579 a
570 1515 693 1580 minore
716 1515 757 1579 ad
777 1515 895 1594 maius,
923 1513 1055 1579 Plautus
1079 1517 1214 1601 opponit
1236 1515 1319 1579 inter
1340 1535 1374 1579 se
1396 1515 1463 1579 ani-

336 1617 434 1681 malia
448 1617 564 1682 diversi
587 1616 717 1696 ordinis,
741 1617 804 1697 sed,
828 1636 989 1682 arcessens
1013 1616 1054 1681 ab
1076 1637 1138 1681 uno
1161 1616 1331 1700 eodemque
1353 1616 1462 1685 latere,

337 1719 483 1801 adiungit
511 1719 621 1805 potius
649 1722 681 1783 et
709 1718 766 1783 sub
797 1739 896 1783 unum
919 1719 1030 1801 iugum
1056 1719 1158 1783 mittit
1181 1717 1333 1783 animalia
1354 1719 1461 1783 incon·

336 1821 491 1885 venientis
530 1820 782 1885 necessitudinis.
842 1819 943 1896 Quam
979 1820 1084 1906 inepte
1122 1825 1227 1886 autem
1264 1825 1296 1885 et
1332 1840 1465 1904 prorsus

328 1926 462 2007 praeter
484 1921 746 1988 consuetudinem
768 1920 842 1985 bovi
863 1921 1052 2006 imposuerit
1067 1921 1211 2000 clitellas,
1235 1941 1315 2004 quae
1337 1921 1461 2005 quidem

337 2025 427 2090 asino
450 2029 577 2104 tantum
599 2023 806 2102 conveniunt,
834 2023 910 2086 haec
934 2021 1065 2086 offensio
1087 2020 1237 2086 Plautum
1258 2023 1376 2106 fugisse
1399 2043 1466 2087 om-

336 2127 411 2190 nino
435 2127 568 2191 videtur.
612 2125 697 2190 Nam
725 2126 825 2190 missa
858 2124 913 2188 illa
942 2125 1081 2206 imagine
1113 2143 1177 2188 non
1206 2124 1285 2189 satis
1308 2125 1369 2190 sibi
1392 2144 1466 2190 oon-

338 2233 477 2293 stantem
492 2228 570 2292 facit
584 2220 778 2308 Euclionem,
801 2228 855 2312 qui
870 2227 997 2311 quidem
1012 2246 1084 2291 cum
1100 2224 1237 2305 simulet,
1258 2224 1464 2309 Megadorum

340 2331 401 2396 sibi
423 2329 524 2394 videri
545 2330 706 2395 hominem
727 2329 858 2394 divitem
881 2329 926 2411 (v.
943 2329 999 2411 50)
1023 2327 1053 2391 h.
1070 2347 1096 2390 e.
1119 2326 1286 2392 nobilioris
1311 2328 1465 2394 conditio·

336 2433 406 2512 nis,
441 2453 470 2496 v.
487 2433 528 2496 53
557 2431 651 2511 dicit,
686 2432 817 2496 eundem
844 2432 925 2495 ferre
954 2449 1032 2493 onus
1062 2428 1221 2512 quoddam
1238 2429 1273 2492 h.
1290 2450 1316 2494 e.
1347 2431 1464 2496 11111111

337 2533 517 2598 conditione
547 2554 614 2598 esse
645 2533 839 2598 afflictatum.
885 2533 995 2615 ltaque
1025 2531 1127 2595 husius
1157 2535 1227 2595 tota
1248 2530 1304 2596 illa
1326 2533 1463 2614 imagine

202 2717 204 2720 Ι
337 2656 487 2722 perversa
514 2635 661 2702 Plautum
683 2636 839 2704 Graecum
865 2636 1081 2722 proverbium,
1116 2636 1275 2720 praeclare
1308 2634 1464 2720 composi·

337 2746 417 2820 tum,
440 2740 522 2804 male
546 2745 641 2824 atque
663 2740 860 2807 incommode
882 2743 1021 2804 mutasse
1043 2759 1101 2822 ego
1125 2758 1245 2804 censeo.

392 2895 396 2903 ,
421 2842 557 2928 Adelph.
574 2843 651 2907 534:
684 2841 761 2907 Tam
784 2841 945 2926 placidum
967 2842 1058 2925 quasi
1081 2841 1150 2905 ovis
1173 2845 1235 2920 est,
1258 2839 1363 2904 reddo.
1409 2835 1465 2919 Sp.

338 2963 417 3028 quae
439 2945 605 3024 sententia,
630 2943 806 3008 aBentleio
822 2946 916 3021 recte,
938 2947 974 3007 ut
995 2942 1075 3007 mihi
1093 2942 1226 3019 videtur,
1248 2944 1280 3004 11
1302 2937 1463 3020 cogitandi

336 3047 493 3112 rationem
526 3050 558 3111 et
590 3045 743 3110 similium
769 3045 913 3108 locorum
948 3043 1128 3126 analogiam
1159 3045 1281 3120 secuto,
1315 3040 1348 3103 111
1381 3038 1463 3102 hanc

336 3149 472 3212 formam
504 3148 647 3226 redacta,
681 3146 766 3210 haud
793 3147 918 3210 diversa
948 3148 997 3210 111
1024 3165 1043 3208 1
1069 3143 1259 3230 Phihppidis
1289 3142 1372 3207 dicto
1408 3141 1461 3223 (of.

337 3249 430 3316 Mein.
447 3250 499 3330 lv,
516 3271 547 3335 p.
564 3249 656 3331 476):
681 3247 819 3327 ,ἄπεισιν
842 3245 955 3329 ἀρνίον
977 3247 1223 3330 μυελοικώτερος.ι

421 3351 532 3417 Pseud.
550 3352 625 3414 319:
659 3349 798 3431 Alligem
827 3349 995 3430 fugitivam
1008 3355 1010 3360 '
1025 3367 1133 3412 canem
1164 3347 1289 3430 agninis
1314 3345 1462 3412 lactibus.

1361 3457 1423 3513 Ba.

337 3554 408 3620 Hoc
445 3553 647 3639 proverbium
680 3551 810 3616 Plautus
846 3553 987 3636 profecto
1026 3571 1066 3617 ex
1099 3550 1219 3618 Graeco
1256 3551 1311 3616 illo
1344 3550 1465 3615 hausit:

339 3659 433 3738 ,κύων
455 3657 532 3739 παρ’
545 3657 710 3739 ἕντέροιςις
734 3654 771 3717 cf.
785 3652 879 3735 Diog.
896 3653 926 3734 5,
943 3655 1020 3734 611,
1044 3674 1117 3738 quo,
1141 3654 1225 3738 qnod
1246 3675 1266 3717 a
1284 3651 1464 3716 Paroemio-

339 3757 460 3843 grapho
489 3756 683 3840 adscriptum
711 3754 838 3838 legitur,
867 3775 924 3841 per
945 3755 1084 3820 errorem
1110 3755 1313 3821 librariorum
1336 3753 1466 3818 aliunde

337 3861 492 3942 migrasse
517 3856 643 3921 videtur
673 3857 726 3940 (cl.
755 3857 874 3920 adnott.
891 3856 932 3920 ad
946 3855 976 3920 h.
992 3856 1040 3940 1.).
1087 3855 1255 3941 Sumptnm
1282 3861 1386 3920 autem
1416 3859 1464 3918 est

338 3979 494 4027 acanum
523 3963 652 4039 natura,
686 3959 754 4042 qui,
790 3978 861 4023 cum
887 3959 1010 4022 corium
1038 3959 1135 4022 semel
1162 3960 1382 4040 gustaverunt,
1416 3957 1462 4019 in·

337 4062 470 4142 1111111,
499 4059 651 4147 pabulum
673 4061 718 4125 eis
741 4060 972 4141 gratissimum,
1001 4059 1091 4124 avide
1118 4062 1279 4145 appetunt.
1324 4058 1359 4123 ld
1382 4058 1463 4142 qnod

338 4163 468 4230 Graecis
494 4163 527 4227 in
557 4163 650 4228 huius
672 4161 831 4247 proverbii
856 4180 949 4225 usum
973 4161 1068 4227 abiit:
1098 4163 1230 4245 χαλετὸν
1249 4169 1361 4244 χορίου
1383 4162 1464 4226 κύνα

336 4273 439 4348 γεύειν
462 4266 515 4350 (ci.
540 4263 634 4348 Greg.
652 4263 746 4349 Cypr.
764 4264 793 4344 3,
810 4263 877 4346 97).
906 4300 947 4310 -
975 4261 1045 4329 Η11
1068 4268 1174 4328 autem
1195 4268 1245 4329 est
1267 4263 1369 4328 nostri
1391 4261 1466 4341 loci,
