3274 4964
656 419 661 442 ¹
757 440 971 528 -41-

299 627 382 692 quae
410 607 566 674 accedunt
592 627 649 688 11,
680 627 763 693 quae
792 628 833 673 ex
863 609 1008 694 ipsorum
1042 608 1110 673 vita
1141 607 1289 672 inferiore
1323 612 1357 673 et
1388 628 1431 674 ex

300 709 462 776 cotidiana
480 708 650 790 ‘hominum
671 709 899 789 consuetudine
914 711 1030 774 animis
1046 711 1113 775 suis
1129 709 1312 774 infixerunt.
1336 707 1430 787 Quod

301 831 409 877 vemm
432 831 501 878 esse
523 818 561 880 ut
582 811 709 892 videas,
733 813 851 888 confer,
877 813 905 877 si
927 812 1044 898 placat:
1067 810 1170 877 Andr.
1188 813 1260 876 214.
1278 814 1427 878 ’178845

297 915 373 995 881,
402 913 461 980 ubi«
479 913 568 981 idem
587 913 701 982 Davus
724 919 863 998 quatuor
895 913 979 978 inter
1012 932 1045 978 se
1080 912 1209 978 diversa
1241 920 1430 996 argumenta

299 1017 413 1100 tangit.
462 1013 547 1082 Huic
578 1014 746 1094 hominnm
778 1016 884 1098 generi
920 1035 1014 1100 porro
1048 1014 1199 1095 ancillas,
1235 1019 1426 1093 meretrices,

299 1120 470 1204 parasitos,
493 1120 635 1198 lenones,
657 1117 738 1185 alias
752 1117 910 1184 inferioris
926 1115 1048 1182 ordinis
1070 1137 1224 1202 personas
1243 1117 1426 1184 adnumero.

298 1221 411 1306 ltaque
433 1227 566 1308 perapte
587 1220 725 1296 Thraso,
754 1222 847 1286 miles
869 1220 923 1285 ille
945 1219 1119 1302 gloriosus,
1143 1220 1197 1304 qui
1218 1219 1337 1305 ubique
1360 1241 1426 1286 ver-

299 1328 391 1390 satus
413 1324 517 1388 multa
537 1322 634 1403 vidit,
657 1324 759 1389 multa
780 1322 919 1403 audivit,
950 1321 990 1387 de
1012 1321 1124 1386 multis
1151 1341 1189 1386 ac
1209 1323 1308 1387 variis
1331 1323 1428 1388 rebus

299 1425 540 1511 proverbialiter
574 1425 719 1511 loquitur
750 1426 784 1489 in
813 1424 896 1490 Eun.
920 1426 992 1488 426.
1016 1425 1089 1488 815.
1115 1425 1185 1488 783.
1210 1427 1282 1489 789.
1335 1424 1427 1490 Adde

299 1525 467 1594 Plautinos
488 1527 590 1592 locos:
613 1525 815 1593 Ρ111111.685.
835 1528 926 1590 1322.
945 1528 1014 1591 102.
1033 1527 1094 1590 743
1111 1531 1169 1591 oet.

386 1629 449 1696 Sed
476 1650 608 1716 prorsus
634 1630 796 1695 diversum
821 1649 918 1694 usum
947 1634 1082 1713 uterque
1108 1633 1205 1714 poeta
1233 1629 1268 1694 in
1296 1630 1427 1714 reliquis

299 1733 445 1817 personis
456 1733 610 1817 sequitur.
633 1731 718 1798 Nam
730 1751 801 1796 cum
813 1731 995 1796 Terentiam
1006 1750 1098 1796 senes
1109 1731 1251 1798 maxime
1266 1732 1428 1814 gaudeant

300 1838 358 1899 aut
379 1834 576 1916 generalibus
592 1834 769 1914 sententiis,
792 1853 873 1917 quas
894 1833 1071 1918 antiquitus
1086 1833 1223 1899 traditas
1239 1834 1279 1898 ad
1302 1835 1425 1900 ammos

299 1937 465 2002 bominum
487 1936 663 2024 plurimum
684 1936 837 2001 valituras
861 1936 1060 2016 existimant,
1089 1942 1146 2001 aut
1171 1937 1217 2000 eis
1237 1937 1425 2022 proverbiis,

300 2059 436 2124 quorum
463 2039 528 2104 vim
555 2059 614 2106 suo
637 2039 782 2124 ipsorum
804 2039 945 2124 periculo
968 2059 1025 2125 per
1046 2044 1187 2104 aetatem
1213 2044 1430 2120 cognoverunt

300 2143 415 2228 (unum
434 2142 620 2228 exemplum
642 2139 790 2208 Micionis
811 2161 958 2208 moneam
980 2142 1015 2206 in
1037 2139 1178 2226 Adelph.
1201 2141 1264 2204 804
1287 2145 1320 2206 at
1341 2142 1430 2225 739),

298 2245 466 2310 Plautinos
482 2264 574 2310 senos
593 2242 766 2309 cuiuslibet
783 2243 962 2326 argumenti
973 2242 1144 2328 proverbia
1158 2248 1262 2308 terere
1274 2242 1428 2308 videmus.

297 2346 335 2412 ld
367 2346 454 2431 quod
486 2345 580 2412 facile
614 2345 795 2433 apparebit,
823 2347 850 2410 si
884 2344 942 2409 hos
973 2342 1060 2408 locos
1089 2344 1324 2429 contemplatus
1350 2345 1429 2408 eris:

298 2448 372 2514 Aul.
393 2447 416 2528 l,
439 2451 466 2528 l,
492 2449 539 2512 10.
563 2446 600 2528 ΙΙ,
626 2449 655 2527 2,
674 2448 725 2512 48.
749 2445 800 2522 ΠΙ,
815 2450 850 2526 ,4,
865 2448 916 2510 42.
940 2445 992 2521 Ν,
1012 2447 1060 2521 10,
1079 2447 1127 2510 75.
1151 2443 1247 2531 Epid.
1263 2444 1314 2525 ΠΙ,
1331 2447 1360 2522 3,
1377 2447 1427 2510 30.

297 2550 349 2631 ΠΙ,
365 2554 394 2628 4,
412 2552 462 2614 90.

385 2653 507 2720 Deinde
548 2652 768 2718 adolescentes
806 2651 987 2718 Terentiam
1024 2654 1079 2715 aut
1116 2670 1158 2723 ex,
1192 2650 1434 2716 oblectamentis

300 2757 430 2822 urbanis
463 2760 519 2820 aut
552 2776 591 2820 ex
622 2755 751 2820 rusticis
773 2753 919 2836 negotiis,
948 2753 1060 2837 quibus
1082 2752 1140 2817 sub
1173 2757 1302 2838 patrum
1331 2753 1429 2818 oculis

299 2857 457 2942 quondam
485 2877 615 2944 operam
642 2856 719 2922 dare
752 2855 919 2935 debebant,
953 2854 1122 2940 proverbia
1151 2859 1280 2940 captare
1314 2855 1428 2920 solent.
1467 2850 1469 2854 ’

298 2959 389 3038 Quod
399 2959 523 3026 videbis
533 2980 573 3026 ex
585 2959 648 3026 his:
661 2957 743 3024 Eun.
757 2958 828 3022 732.
841 2959 913 3022 640.
930 2957 1056 3022 Phorm.
1070 2958 1142 3020 506.
1156 2957 1228 3020 686.
1244 2953 1345 3020 Andr.
1353 2957 1429 3020 941,

297 3060 420 3134 Rursus
434 3060 574 3127 Plautini
594 3061 811 3127 adolescentes
825 3057 1071 3142 unumquodque
1089 3077 1191 3142 paene
1206 3062 1427 3139 argumentum

298 3163 538 3249 proverbiorum
561 3164 732 3244 attingunt.
777 3159 828 3226 En
850 3160 997 3245 exempla
1024 3158 1122 3224 habas
1148 3158 1240 3223 haec:
1269 3157 1358 3231 Tmo.
1373 3158 1426 3240 IV,

301 3272 327 3345 l,
344 3267 373 3330 8.
403 3265 456 3346 Ν,
473 3267 503 3344 2,
520 3267 570 3330 59.
599 3263 694 3330 Poen.
711 3262 762 3342 111,
781 3265 808 3338 1,
825 3264 875 3326 29.
902 3261 977 3327 Arri.
993 3260 1045 3336 Ν,
1066 3263 1114 3340 10,
1134 3262 1180 3324 lb.
1209 3259 1293 3325 Trin.
1311 3262 1382 3324 317.

381 3367 547 3436 Matronas
575 3366 708 3451 denique
738 3365 811 3430 illas
838 3365 989 3429 honestas
1020 3366 1053 3427 et
1083 3363 1234 3444 ingenuas
1265 3361 1427 3428 Terentius

297 3472 466 3559 proverbia
486 3473 676 3555 usurpantes
711 3469 849 3538 omuino¹
867 3487 931 3540 non
956 3466 1034 3530 facit
1041 3496 1049 3545 ;
1080 3471 1191 3531 contra
1217 3464 1349 3531 Plautus
1376 3465 1427 3529 bis

297 3577 416 3662 provvq
439 3573 655 3656 undecumque
692 3571 809 3636 hausta
845 3569 982 3635 tribuere
1019 3589 1083 3633 nou
1119 3569 1253 3634 dubitat.
1307 3567 1429 3634 -Confer

297 3699 416 3763 quaeso
439 3676 517 3741 haee
539 3693 620 3758 quae
643 3675 676 3738 in
692 3677 846 3759 promptu
861 3677 935 3737 sunt
949 3671 1107 3757 exempla:
1124 3670 1213 3736 Cure.
1233 3673 1302 3734 197.
1329 3661 1426 3756 Epid.

296 3780 350 3861 Ν,
370 3782 399 3860 2,
423 3781 452 3842 9.
480 3777 661 3842 11111874.
689 3774 869 3856 Ρο111.Ι,2,
886 3775 936 3838 28.
969 3773 1041 3840 Cas.
1056 3771 1093 3852 Η,
1114 3775 1143 3848 3,
1161 3775 1210 3836 50.
1241 3772 1331 3838 Gurc.
1355 3773 1424 3836 189.

297 3882 395 3950 Stich.
416 3882 485 3944 139.

381 3982 452 4048 Hoc
477 3983 579 4065 igitur
605 4004 645 4048 ex
673 3983 728 4058 eis,
762 4001 844 4065 quae
874 3979 970 4045 modo
1002 3977 1255 4064 disputavimus,
1288 3978 1426 4064 perspici

297 4087 499 4160 arbitramur,
522 4083 703 4151 Terentium
726 4089 801 4171 apte
817 4088 857 4148 et
878 4081 1047 4148 artificiose
1063 4099 1122 4145 sua
1139 4080 1255 4165 cuique
1268 4099 1424 4165 personae

296 4209 405 4276 provv.
440 4187 709 4268 accommodasse,
742 4187 789 4252 ita
821 4190 861 4250 ut
892 4185 959 4249 eius
988 4182 1132 4247 moribus
1166 4188 1262 4266 atque
1297 4183 1424 4264 ingenio

297 4292 373 4356 benc
389 4292 592 4357 convenirent
613 4294 645 4354 et
667 4310 706 4354 ex
728 4289 882 4371 cuiusque
906 4288 1011 4352 aetate
1035 4291 1067 4348 et
1088 4285 1172 4350 vitae
1188 4286 1311 4349 ratione
1334 4284 1426 4368 quasi
1547 4293 1549 4296 ’
