3274 4964
671 411 885 474 ...43-

212 576 338 644 Graeca
359 579 472 668 stirps,
496 583 655 664 quatenus
678 569 743 664 ego
759 582 867 662 rideo,
897 582 1004 666 detegi
1030 582 1156 668 nequit,
1180 582 1262 647 tales
1284 580 1344 646 ad·

211 680 395 746 notationes
418 679 535 746 addere
558 681 704 748 consulto
727 687 761 748 et
783 686 921 768 cogitate
945 685 1076 750 vitasse.

230 809 233 812 ·
299 778 464 848 Nonnulla
493 787 601 849 autem
630 804 673 848 er
698 784 758 851 hoc
784 776 917 852 numero
944 807 977 853 re
999 807 1075 852 uera
1098 806 1115 850 e
1136 783 1253 852 Latino
1276 807 1343 852 ser-

212 889 307 950 mone
329 889 407 950 nata
428 905 498 950 esse
520 886 572 951 vel
594 885 668 952 inde
685 887 837 955 ‘concludi
858 893 979 976 potest,
1007 887 1094 974 quod
1117 886 1159 953 ad
1181 887 1343 953 Romano-

213 1007 287 1052 rum
314 1007 365 1053 res
394 992 490 1072 atque
520 989 671 1054 instituta
698 995 854 1077 spectant.
905 990 999 1070 Quod
1026 988 1157 1075 quidem
1186 989 1273 1054 valet
1300 987 1342 1054 ad

213 1089 339 1154 Phorm.
359 1089 440 1154 1026
463 1094 496 1155 et
519 1088 560 1155 ad
582 1089 664 1156 Eun.
680 1083 741 1157 348
764 1094 819 1177 (cf.
835 1116 867 1180 p.
884 1095 951 1179 36).

298 1190 392 1256 Adde
408 1190 490 1274 Eun,
508 1193 583 1257 640:
606 1191 763 1260 Extrema
784 1196 871 1262 linea
893 1199 1001 1262 amaro
1024 1195 1112 1262 haud
1126 1195 1172 1260 nil
1186 1199 1244 1260 est.
1279 1191 1339 1255 Pb.

212 1313 311 1378 quam
333 1293 566 1379 proverbialem
592 1295 786 1362 locutionem
808 1319 826 1362 e
842 1297 934 1364 Circo
949 1299 1085 1383 petitam
1099 1316 1170 1364 esse
1185 1294 1340 1361 Heinsius

213 1395 256 1460 ad
278 1394 369 1460 Ouid.
386 1396 513 1461 Amorr.
530 1398 558 1470 3,
576 1399 605 1472 2,
624 1400 663 1460 19
685 1399 896 1484 probabiliter
918 1399 1160 1466 demonstravit.

299 1497 362 1564 Sed
384 1498 462 1563 haec
484 1494 665 1565 observatio
688 1521 727 1566 eu
750 1501 791 1566 ad
813 1502 902 1568 aliud
925 1522 983 1568 nos
999 1502 1089 1567 ducit
1103 1505 1340 1584 argumentum

211 1599 342 1666 Etenim
365 1606 522 1686 apparent
544 1602 705 1686 quaedam
726 1604 872 1687 vestigia,
896 1603 1014 1689 quibus
1034 1605 1143 1689 aliqua
1164 1601 1342 1689 probabili·

211 1704 290 1768 tatis
313 1704 440 1789 species
457 1723 547 1768 meae
570 1705 746 1771 sententiae
757 1705 906 1786 additur,
931 1727 995 1791 qna
1009 1703 1194 1772 Terentium
1209 1702 1341 1790 quidem

211 1804 333 1871 talibus
359 1807 438 1872 locis
465 1827 529 1872 non
553 1806 692 1875 Graecos
718 1810 1037 1895 poetas-imitatum,
1068 1807 1124 1873 sed
1152 1809 1261 1894 ipsum
1290 1807 1341 1871 in-

126 1901 130 1908 ’
211 1909 342 1990 genium
369 1928 466 1974 sunm
493 1915 640 1976 secutum
667 1932 737 1980 esse
766 1913 958 1999 putaverim.
1003 1909 1097 1976 Hunc
1120 1913 1204 1976 enim
1233 1929 1338 1984 usum,

209 2009 343 2076 liberius
369 2009 509 2079 Graecas
536 2012 662 2079 fabulas
692 2013 871 2090 tractandi,
897 2013 1012 2080 Plauto
1039 2012 1337 2084 familiarissimum,

209 2132 250 2178 ne
272 2111 457 2180 Terentium
478 2115 610 2200 quidem
631 2137 765 2202 prorsus
788 2117 979 2200 abnegasse,
1010 2120 1061 2182 sat
1077 2120 1165 2180 certo
1189 2118 1222 2180 et
1243 2113 1339 2178 confi·

208 2214 321 2280 denter
343 2216 490 2282 concludi
511 2223 620 2304 potest
642 2240 685 2284 ex
706 2218 790 2286 Eun.
808 2221 879 2298 783,
903 2219 960 2284 ubi
987 2217 1101 2304 Pyrrhi
1126 2236 1256 2290 nomen,
1279 2235 1338 2302 pro

209 2338 274 2401 que
297 2317 385 2404 apud
406 2317 619 2386 Menandrum
641 2327 726 2387 certe
756 2323 839 2388 alius
862 2323 1050 2407 imperator,
1079 2318 1136 2385 sed
1162 2317 1338 2383 vetustiore

210 2426 315 2486 aetate
339 2421 463 2498 florens,
479 2425 664 2490 nominatus
681 2429 758 2501 erat,
784 2445 842 2491 suo
858 2424 960 2490 Marte
975 2423 1094 2509 posuit.
1117 2421 1149 2486 N
1150 2441 1203 2486 am
1218 2419 1339 2486 Thraso

210 2522 314 2598 miles,
343 2544 439 2608 quem
472 2524 510 2590 Ε.
540 2525 778 2612 Klussmanuus
807 2526 863 2610 (de
891 2526 947 2594 On.
974 2526 1089 2592 Naevii
1122 2528 1235 2610 poetae
1270 2521 1339 2586 vita

210 2630 268 2689 cet.
281 2625 364 2691 Jena
385 2627 479 2710 1843)
502 2649 532 2714 p.
549 2631 612 2694 224
635 2649 651 2694 e
666 2629 781 2695 Naevii
803 2629 917 2696 Colace
932 2649 952 2693 a
966 2629 1114 2694 Terentio
1130 2626 1339 2710 desumptum

208 2746 292 2804 esse,
321 2729 401 2794 mihi
424 2729 555 2814 quidem
576 2751 640 2796 non
663 2720 824 2817 probavit,
847 2734 998 2816 provocat
1020 2729 1063 2794 ad
1085 2729 1268 2814 exemplum
1288 2730 1339 2790 est

210 2831 436 2896 auctoritatem
447 2833 659 2918 imperatoris,
684 2838 767 2909 ante,
791 2853 884 2898 suam
906 2836 1045 2897 aetatem
1062 2832 1182 2914 vigent'
1224 2827 1337 2913 (idem

210 2931 368 2998 bociam
390 2934 531 3018 Pyrrhus
553 2937 769 3020 factitavit‘).
806 2935 909 3021 Atqui
931 2934 1072 3020 Pyrrhus
1095 2932 1184 3016 degit
1205 2930 1336 3017 quidem

209 3034 376 3102 Menandri
404 3038 616 3124 temporibus,
643 3039 752 3104 floruit
779 3039 910 3104 demum
939 3038 999 3104 sub
1029 3040 1200 3102 exeuntem
1222 3039 1335 3120 poetae

209 3138 318 3203 vitam.
347 3140 458 3226 ltaque
480 3141 587 3227 inepte
608 3140 822 3208 Menandreae
844 3142 877 3206 in
900 3138 1062 3206 comoedia
1083 3139 1176 3205 miles
1198 3139 1334 3204 mentio-

207 3246 288 3304 nem'
303 3242 433 3308 iecisset
455 3244 594 3330 exempli
616 3243 738 3328 Pyrrhi,
762 3244 864 3327 ignoti
887 3243 977 3309 ducis
1000 3247 1078 3308 tune
1092 3241 1255 3328 temporis,
1277 3241 1335 3304 ubi

207 3340 385 3410 Eunuchus
410 3344 577 3412 Menandri
605 3365 675 3412 esse
707 3351 779 3412 acta
805 3344 976 3430 cogitanda
1006 3348 1056 3409 est
1082 3381 1123 3390 -
1149 3342 1235 3429 quod
1260 3362 1334 3428 pro-

207 3444 472 3512 babiliusfactum
484 3447 751 3512 estaMeuandro
762 3448 946 3513 florescente
958 3445 1332 3531 quamalanguescente.

206 3583 248 3594 -
271 3547 415 3614 Recessit
436 3550 535 3632 igitur
549 3549 717 3616 Terentius
732 3549 873 3615 hocloco
888 3569 909 3614 a
924 3547 1044 3616 Graeco
1067 3567 1126 3613 suo
1146 3547 1332 3632 exemplari,

206 3646 303 3713 sicuti
324 3654 450 3715 mutare
474 3650 595 3735 aliquid
625 3671 699 3716 eum
721 3671 786 3716 non
808 3651 973 3717 dubitasse
1000 3650 1051 3715 vel
1078 3669 1176 3735 supra
1202 3650 1249 3734 (p.
1274 3649 1331 3732 30)

206 3748 355 3816 vidimus.
386 3753 507 3820 Verum
528 3752 613 3819 haec
628 3753 740 3819 eadem
762 3754 844 3818 ratio
866 3754 965 3818 etiam
986 3752 1085 3816 latius
1099 3754 1197 3837 patet.
1227 3750 1332 3818 Collo-

206 3857 278 3918 cata
300 3857 386 3921 enim
408 3855 555 3922 videmus
588 3855 757 3942 proverbia
788 3855 946 3942 quaedam
978 3856 1013 3920 in
1046 3855 1093 3920 eis
1127 3855 1243 3935 scenis,
1276 3855 1333 3920 ubi

204 3957 450 4024 ‹ronmminaudo
473 3957 616 4025 diversas
638 3958 821 4024 comoedias
843 3963 938 4044 poeta
953 3958 1023 4044 ipse
1038 3955 1196 4042 quaedam
1213 3957 1335 4023 addere

206 4059 254 4123 vel
276 4065 362 4127 certe
384 4066 511 4127 mutare
537 4059 771 4146 quodammodo
802 4060 990 4144 cogebatur,
1021 4060 1094 4126 scil:
1127 4064 1165 4126 ut
1194 4066 1333 4136 caveret,

203 4181 243 4226 ne
256 4181 298 4227 ex
308 4161 444 4229 diversis
459 4162 577 4228 fabulis
593 4163 704 4249 petita,
728 4163 811 4229 male
827 4163 909 4228 inter
923 4183 957 4229 se
973 4183 1121 4246 congrua,
1145 4161 1332 4230 auditorum

73 4345 77 4354 ι
204 4264 329 4331 animos
352 4263 555 4331 offenderent.
586 4264 677 4330 Tales
693 4272 802 4332 autern
825 4286 935 4331 scenas
957 4265 1059 4330 veluti
1080 4263 1163 4330 Eun.
1179 4264 1215 4339 Η,
1233 4264 1262 4328 3.
1279 4264 1331 4345 ΠΙ,
