3274 4964
739 437 954 500 ..36..„

287 611 504 702 putresoendo
532 611 585 677 vel
617 607 781 697 pereundo
809 623 844 671 se
875 602 1119 686 diligentissime
1153 615 1298 664 servasse
1329 591 1418 659 haud

200 764 201 767 ,
284 713 491 782 mediocriter
512 714 662 780 laetatur.

369 815 477 882 Heuu:
502 818 579 880 796:
614 813 736 880 Verum
764 809 847 876 illud
875 809 1010 875 Diount:
1044 806 1096 871 ins
1128 821 1292 870 summum
1318 817 1420 882 saepe

439 923 596 984 summast
617 916 751 982 mulitia.
796 910 848 998 sy.

371 1020 463 1106 Capt.
489 1019 540 1099 111,
571 1022 600 1094 4,
631 1019 685 1082 84;
723 1015 818 1082 Nune
855 1033 915 1096 ego
953 1012 1036 1076 inter
1076 1024 1205 1073 suerum
1236 1021 1415 1086 saxumque

402 1119 404 1124 ’
441 1142 520 1188 sum.
567 1117 612 1184 St.

371 1223 400 1292 E
423 1222 635 1306 gladiatoriis·
647 1220 732 1286 ludis
753 1221 813 1284 hee
836 1219 1014 1284 locutiones
1036 1215 1071 1278 in
1092 1209 1336 1299 proverbiorum
1352 1208 1417 1272 sor·

288 1349 358 1394 mas
381 1325 544 1392 abierunt:
1472 1401 1477 1404 -

374 1423 470 1494 Most.
487 1426 537 1507 ΠΙ,
555 1430 583 1506 2,
600 1429 654 1490 26;
691 1424 778 1504 ,Hoo
799 1424 913 1489 habet‘
936 1423 969 1488 in
992 1440 1067 1486 eum
1089 1416 1278 1493 adhibitum,
1302 1411 1356 1496 qui
1378 1411 1418 1475 ab

290 1531 473 1597 adversario
497 1531 628 1595 vulnere
652 1527 789 1593 affliotus
810 1531 889 1592 eret.
918 1521 1011 1601 Quod
1024 1520 1112 1586 idem
1133 1517 1270 1600 legimus
1291 1515 1330 1580 in
1346 1512 1416 1579 Ter.

289 1633 390 1700 Andr.
407 1633 457 1696 83.
1396 1623 1400 1630 '

375 1734 507 1812 Poeni,
524 1735 553 1812 2,
573 1735 646 1797 122:
670 1732 714 1798 Et
737 1733 842 1797 oleum
865 1735 898 1795 et
920 1746 1053 1813 operam
1075 1712 1211 1810 perdidi.
1258 1720 1338 1783 Ano.

376 1835 496 1914 Quibus
519 1833 617 1899 adde:
641 1834 732 1900 True.
748 1832 801 1913 IV,
821 1837 847 1911 l,
863 1833 897 1898 8:
919 1829 993 1896 Mea
1017 1827 1125 1913 pilast.
1170 1821 1248 1886 Deir.

376 1939 482 2004 Huius
513 1935 676 2022 proverbii
708 1956 727 1999 a
757 1935 833 2001 lusu
866 1935 1007 2020 pilarum
1037 1926 1220 2014 deprompti
1259 1921 1426 1994 Dinaroho¹

295 2041 490 2109 adolescenti
513 2043 692 2124 opportune
715 2039 749 2102 in
770 2042 912 2103 mentem
934 2033 1032 2111 venit,
1059 2050 1142 2108 oum,
1159 2024 1419 2102 maimundus,

293 2145 446 2222 exsultet,
471 2141 558 2226 quod
580 2133 651 2227 ipse
675 2142 769 2226 quasi
792 2140 940 2225 superior
962 2133 1147 2201 discesserit
1169 2127 1258 2195 etad
1274 2145 1425 2198 sonuum

293 2250 380 2312 totus
403 2244 500 2310 ludus
523 2243 649 2310 delatus
672 2245 724 2322 sit,
746 2245 780 2307 in
802 2261 864 2327 quo
887 2241 976 2306 solus
998 2239 1110 2320 regnet
1126 2251 1230 2317 neque
1246 2231 1350 2325 alieno
1366 2226 1424 2293 sed

296 2369 352 2414 suo
375 2347 593 2413 moderamine
616 2350 649 2411 et
672 2345 804 2410 arbitrio
827 2363 879 2408 res
902 2345 1040 2426 geratur.
1068 2336 1184 2423 Sperat
1206 2333 1301 2412 enirn,
1324 2329 1423 2396 Phro-¹

293 2451 420 2516 nesium
442 2451 508 2514 iam
529 2449 594 2534 ipsi
616 2449 673 2513 uni
696 2447 824 2532 sopiam
846 2446 896 2510 sui
917 2445 1078 2508 facturam
1100 2457 1181 2504 esse.

305 2634 306 2637 Ἴ
379 2553 414 2617 In
437 2552 563 2616 Phorm.
581 2552 656 2614 522:
680 2549 732 2614 Da
753 2549 861 2614 looum
883 2544 1069 2612 melioribus
1114 2541 1175 2604 Do.

295 2655 446 2720 solemnis
470 2654 619 2718 liotorum
640 2651 779 2716 formula
793 2652 899 2716 inesse
915 2647 1051 2724 videtur,
1076 2663 1174 2730 quarn
1188 2639 1299 2706 Livius
1315 2635 1366 2713 ΙΠ,
1383 2634 1424 2698 48

295 2757 437 2822 exhibet:
451 2754 578 2834 ‚Liotou
595 2754 750 2820 submove
765 2752 892 2819 turbam
908 2755 941 2816 et
960 2749 1102 2815 deviam
1118 2743 1267 2810 domino‘.
1295 2735 1427 2806 Talibus

296 2863 405 2924 antem
438 2857 584 2922 formulis
615 2856 779 2924 Terentius
810 2856 938 2942 saepius
969 2870 1049 2917 usus
1081 2851 1145 2925 est,
1179 2843 1268 2908 velut
1293 2840 1353 2905 hao
1385 2858 1425 2902 ex

296 2981 384 3025 more
407 2949 571 3025 saerornm
593 2959 772 3025 translatez«

382 3061 508 3126 Phorm.
525 3063 620 3125 1026:
644 3060 828 3145 Exsequias
845 3058 1005 3126 Chremeti
1025 3053 1142 3139 quibus
1158 3052 1207 3114 est
1221 3043 1426 3111 commodum

444 3164 490 3227 ire
512 3145 585 3227 hem
608 3166 743 3248 tempus.
788 3162 848 3226 Pb.
1435 3219 1437 3222 ,

298 3265 380 3330 Erat
402 3265 480 3330 haee
501 3265 640 3330 formula
662 3266 828 3350 praeconis
843 3265 877 3329 in
891 3265 1000 3329 funere
1015 3254 1183 3324 indicendo
1199 3252 1330 3330 usitata,
1347 3269 1428 3334 quae

300 3367 429 3452 quidem
450 3372 582 3453 propter
604 3368 801 3452 frequentem
822 3387 918 3433 usum
941 3367 975 3430 in
997 3361 1086 3446 vulgi
1108 3353 1369 3424 consuetudinem
1392 3369 1430 3416 ae

299 3468 506 3554 proverbium
521 3457 651 3536 'venisse
673 3469 811 3536 videtur.
850 3469 896 3536 Cf.
914 3467 1052 3535 Gronov.
1069 3457 1251 3530 Observattj
1269 3455 1338 3521 Ter.
1357 3453 1429 3516 519.

300 3571 377 3637 Alia
398 3570 552 3636 Romanis
574 3573 742 3638 familiaris
764 3573 904 3638 formula
925 3571 965 3637 de
984 3590 1019 3635 re
1042 3564 1169 3633 funebri
1183 3560 1341 3627 translata
1356 3574 1430 3641 pro-

301 3674 484 3740 verbialiter
505 3675 607 3740 utitur
628 3681 726 3761 poeta
746 3677 780 3740 in

387 3775 469 3842 Eun.
487 3778 562 3851 348:
585 3777 652 3842 iarn
674 3778 943 3844 conclamatumst
987 3775 1047 3838 Pa.

304 3899 366 3963 qua
389 3879 428 3944 de
451 3879 612 3946 loeutione
634 3878 708 3944 vide
732 3898 814 3963 quae
836 3877 993 3944 Ruhnken
1015 3874 1058 3940 ad
1077 3874 1110 3964 h.
1123 3873 1144 3938 l.
1168 3865 1326 3954 exposuit.

389 3981 404 4013 *
426 3981 553 4047 Phorm.
571 3983 647 4045 768:
671 3981 720 4045 Ita
737 3981 841 4062 fugias
856 4000 895 4044 ne
910 3983 1038 4066 praeter
1053 3995 1170 4054 oasam,
1194 3967 1294 4056 quod
1316 3965 1432 4031 aiunt.

304 4083 393 4149 Haeo
415 4089 464 4170 est
487 4084 650 4149 tralaticia
669 4101 782 4148 versus
805 4083 918 4162 forma,
942 4080 1000 4148 sed
1014 4101 1093 4146 num
1108 4083 1189 4142 'vera
1212 4075 1263 4153 sit,
1287 4065 1436 4154 equidem

306 4185 529 4264 dubitaverim,
552 4187 585 4250 in
608 4203 685 4250 vooe
710 4189 849 4264 ,oasam‘
873 4185 995 4270 aliquid
1017 4186 1089 4250 vitii
1110 4186 1210 4250 latere
1233 4192 1340 4268 ratus,
1363 4206 1437 4251 oum

305 4309 345 4354 ne
369 4285 551 4354 Gronovius
574 4286 705 4372 quidem
729 4286 836 4372 (Nott.
859 4290 893 4355 iu
913 4288 1101 4355 Terentium
1122 4308 1154 4374 p.
1173 4289 1262 4372 208),
1286 4309 1305 4354 a
1327 4289 1437 4372 fugiti-
