3274 4964
738 401 864 463 442
909 438 950 446 ..-

280 571 398 638 moniis
420 574 583 656 tamquam
597 569 763 655 proverbia
778 568 959 644 offeruntur,
976 571 1041 636 alto
1056 563 1182 636 silentio
1199 573 1410 657 praeterierit.

283 675 381 740 Velut
410 694 501 739 nemo
530 672 623 738 facile
646 670 797 757 expedire
824 672 936 757 possit,
966 693 1023 738 eur
1049 693 1114 739 non
1141 674 1182 739 ad
1204 673 1305 740 Andr.
1328 675 1409 738 480:

242 823 244 827 -
284 777 362 860 ,Ego
385 777 417 841 in
440 779 535 862 portu
557 773 690 858 navigo',
713 774 769 857 qni
795 773 882 840 locus
909 775 980 860 ipse
1009 776 1243 861 proverbialem
1271 779 1407 862 speciem

281 880 506 966 praesefert,
530 897 588 942 nec
615 877 657 942 ad
684 877 784 943 Andr.
808 879 885 940 941:
913 876 1041 943 Nodum
1070 880 1103 945 in
1132 879 1236 964 scirpo
1265 879 1408 964 quaeris,

280 982 366 1067 quod
392 981 598 1066 proverbium
625 985 657 1045 et
685 979 818 1044 Plautus
847 979 980 1060 (Menae.
1004 981 1042 1056 ΙΙ,
1062 983 1090 1057 l,
1107 982 1164 1064 22)
1190 985 1222 1046 et
1244 980 1409 1046 Terentius

280 1086 322 1149 ab
347 1083 461 1159 Ennio,
493 1104 588 1169 quem
615 1084 693 1147 citat
714 1080 829 1147 Festus
856 1103 886 1167 p.
911 1083 975 1146 330
997 1082 1148 1168 (Muell.):
1182 1084 1354 1162 ,Quaerunt
1374 1084 1407 1146 in

281 1189 385 1272 scirpo
417 1186 532 1251 soliti
570 1185 668 1269 quod
705 1183 832 1250 dicere
863 1184 995 1250 nodum'
1033 1191 1197 1272 tamquam
1233 1185 1407 1252 hereditate

282 1289 415 1375 accepit,
439 1287 613 1372 quidquam
636 1286 674 1352 de
696 1288 864 1372 proverbio
888 1288 1055 1353 monuerit.
1101 1287 1170 1354 Hoc
1192 1310 1266 1354 uero
1283 1309 1319 1354 eo
1335 1289 1408 1373 plus

281 1392 378 1457 habet
405 1387 596 1464 offensionis,
631 1388 714 1474 quod
741 1395 910 1474 utrumque
936 1390 970 1454 in
997 1390 1138 1456 Andriae
1164 1390 1275 1456 fabula
1302 1391 1404 1456 locum

281 1493 385 1569 habet,
410 1491 440 1556 h.
465 1513 491 1557 e.
515 1493 618 1567 inea,
642 1491 695 1556 nbi
718 1490 839 1556 Donati
854 1493 1084 1570 commentarii,
1101 1493 1134 1556 in
1150 1494 1263 1557 ceteris
1278 1493 1403 1577 quidem

279 1596 397 1662 fabulis
419 1595 521 1661 multo
544 1595 646 1676 magis
669 1596 821 1660 contracti
843 1599 875 1659 et
889 1594 982 1659 valde
998 1595 1120 1669 mutati,
1138 1596 1276 1660 maxime
1291 1596 1406 1675 integri

281 1700 398 1764 seruati
419 1697 577 1762 videntur.
622 1695 703 1760 Tota
725 1696 803 1762 haec
823 1718 874 1762 res
895 1698 1036 1783 proiecto
1051 1698 1129 1763 satis
1144 1698 1227 1762 mira
1241 1703 1300 1774 est,
1316 1718 1406 1784 prae-

280 1803 391 1868 sertim
413 1802 446 1866 in
468 1804 724 1873 commentatore,
748 1799 801 1883 qui
823 1799 965 1884 alioquin
987 1799 1227 1882 diligentissime
1249 1800 1345 1864 etiam
1370 1822 1407 1866 ea

280 1925 389 1990 provu
405 1903 529 1968 definite
544 1905 691 1979 testatur,
710 1902 744 1965 in
760 1901 873 1984 quibus
889 1901 1069 1984 ambigendi
1085 1922 1183 1967 cansa
1198 1904 1301 1968 omnis
1316 1924 1406 1989 prae-

280 2008 371 2072 clusa
393 2012 441 2072 est
464 2007 518 2088 (cf.
534 2026 566 2091 p.
583 2004 647 2082 38).
686 2003 779 2081 Quod
790 2003 907 2088 duplici
922 2004 1016 2068 modo
1032 2004 1175 2089 expediri
1189 2009 1304 2089 potest.
1342 2008 1409 2070 Aut

280 2113 365 2175 enim
387 2109 481 2174 nobis
503 2106 694 2173 sumendum
717 2111 775 2181 est,
800 2107 997 2188 neglegentia
1018 2106 1220 2171 librariorum
1250 2112 1282 2172 et
1308 2109 1407 2191 magi-

280 2214 453 2287 stellorum,
478 2232 556 2296 quos
585 2230 642 2274 suo
669 2209 834 2274 arbitratu
852 2208 933 2272 hunc
963 2211 1225 2276 commentarium
1253 2211 1407 2277 lacerasse

280 2318 419 2390 constat,
453 2315 541 2400 ipsas
576 2331 630 2378 eas
664 2311 902 2390 adnotationes,
937 2331 1018 2395 quae
1052 2311 1094 2377 ad
1126 2312 1205 2378 haec
1237 2315 1408 2400 proverbia.

280 2415 477 2506 spectabant,
500 2415 649 2502 periisse:
674 2413 761 2499 quod
783 2433 847 2478 non
870 2419 919 2479 est
941 2415 1123 2495 uerisimile,
1151 2417 1303 2500 quoniam
1324 2418 1406 2482 miro

278 2527 376 2604 atque
397 2519 584 2606 prodigioso
600 2538 676 2584 casn
697 2519 765 2582 fieri
782 2517 935 2603 oportuit,
959 2520 997 2581 ut
1018 2518 1083 2583 illis
1099 2521 1405 2587 commentatoribus

243 2627 245 2632 ’
278 2624 366 2688 solae
393 2623 481 2708 ipsae
510 2627 620 2701 notae,
650 2620 691 2686 ad
713 2621 858 2686 Romana
885 2619 1055 2704 proverbia
1082 2621 1272 2708 adscriptae,
1295 2628 1407 2688 tant-ae

278 2730 337 2789 aut
359 2722 523 2790 offensioni
552 2729 609 2789 aut
635 2725 776 2790 incuriae
803 2728 918 2788 essent.
964 2721 1034 2787 Hoc
1055 2723 1155 2806 igitur
1181 2726 1315 2791 sirecte
1338 2729 1402 2792 rei-

278 2829 409 2907 ciemus,
432 2827 512 2893 nihil
535 2827 622 2893 alind
637 2827 838 2911 relinquitur,
861 2826 924 2890 nisi
946 2831 983 2890 ut
996 2846 1164 2911 ponamus,
1189 2827 1227 2893 de
1241 2828 1403 2895 industria

277 2929 441 2995 Donatum
463 2930 540 2995 haec
563 2935 595 2996 et
616 2931 740 3014 reliqua
761 2929 889 2994 silentio
913 2928 1091 3008 obtexisse,
1118 2936 1251 3016 propter
1278 2933 1400 2996 nnllam

276 3033 374 3097 aliam
395 3053 537 3112 causam,
560 3031 665 3110 credo,
688 3031 760 3111 nisi,
784 3031 861 3115 qnia
882 3050 1154 3116 supervacaneum
1176 3034 1227 3098 uel
1250 3055 1270 3100 a
1290 3057 1324 3101 re
1342 3057 1402 3100 sua
1471 3071 1474 3076 ·

277 3135 418 3199 alienum
438 3135 588 3222 putabat,
623 3134 752 3220 propris
780 3133 947 3215 designare
975 3133 1159 3218 proverbia,
1186 3136 1358 3222 unicnique
1382 3161 1398 3202 a

276 3238 381 3322 prima
402 3237 543 3322 pueritia
565 3235 735 3301 notissima
765 3239 798 3299 et
819 3253 921 3320 paene
943 3235 1030 3308 trita,
1054 3234 1084 3300 h.
1102 3256 1128 3301 e.
1144 3240 1315 3323 proverbia
1336 3241 1401 3305 Ro-

276 3359 380 3404 mana.
422 3337 504 3404 Hine
527 3339 627 3422 igitur
648 3338 745 3403 simul
766 3337 893 3401 firmum
916 3335 1063 3402 videmur
1084 3340 1283 3425 praesidium
1305 3365 1401 3428 para-

275 3442 360 3506 visse
376 3441 553 3507 sententiae
569 3446 706 3516 nostras,
731 3459 796 3524 qua
810 3460 841 3524 p.
855 3440 894 3503 32
908 3439 1130 3508 adnotationes
1142 3443 1215 3510 illas
1238 3465 1256 3508 a
1271 3444 1399 3510 Donato

276 3544 506 3610 abiudieandas
529 3563 598 3609 esse
621 3542 813 3608 censuimus.
850 3540 936 3606 Nam
957 3543 1003 3608 eis
1027 3564 1154 3629 quoqne
1176 3545 1255 3612 locis
1278 3548 1399 3614 similes

275 3646 416 3714 Graecos
437 3649 541 3712 frusta
563 3646 860 3731 circumspeximus.

360 3749 404 3815 Ut
436 3749 536 3832 igitur
569 3749 773 3835 paucissimis
806 3749 912 3814 verbis
938 3770 1066 3830 eorum,
1102 3770 1185 3835 quae
1212 3751 1252 3817 de
1278 3751 1398 3818 Donati

274 3849 514 3916 commentandi
546 3870 634 3916 more
668 3850 834 3937 disputata
863 3857 952 3926 sunt,
991 3873 1117 3917 summa
1145 3858 1326 3939 repetatur,
1363 3854 1399 3920 id

274 3953 352 4018 milri
368 3950 479 4019 videor
501 3950 543 4017 ad
564 3952 825 4038 probabilitatem
841 3953 1002 4038 quandam
1017 3954 1218 4040 perduxisse,
1241 3955 1407 4038 gramma·¹

271 4055 375 4120 ticum
407 4055 499 4119 illum
529 4053 669 4122 Graecae
703 4055 835 4138 originis
865 4056 1036 4142 proverbia
1062 4059 1207 4144 exceptis
1237 4061 1284 4125 eis
1315 4079 1398 4144 quae

273 4178 328 4244 pp.
335 4157 460 4222 33-38
473 4156 615 4249 distinxi,
632 4158 802 4242 diligenter
817 4163 928 4223 notare
945 4158 1087 4241 solitum,
1103 4160 1244 4246 reliquis,
1261 4182 1402 4246 qnorum
