3274 4964
662 429 874 489 ...35-

233 628 236 634 —
290 593 495 688 Pseudtldtl:
519 594 625 662 Purus
642 601 743 681 putus
766 602 815 661 est
837 598 935 682 ipsus.
974 599 1044 669 Ba„
1154 661 1159 671 ,

202 696 290 781 quod
311 695 467 763 Erasmus
486 696 540 777 lv,
565 699 614 778 10,
639 699 681 762 30
704 717 745 764 ex
774 700 938 766 aurificum
965 703 1105 774 officinis.
1132 707 1240 773 ortum
1266 725 1336 778 osse

202 803 309 884 putat.
335 797 487 864 Ceterum
510 796 636 864 Ennius
659 819 782 885 quoque
805 801 839 864 in
855 800 1042 868 Alexandro
1059 805 1113 886 (01.
1129 804 1222 870 ltibb.
1241 807 1336 887 irgm.

203 919 284 964 com.
301 921 334 986 p.
353 901 409 985 19)
432 900 508 966 huic
529 901 700 986 proverbio
723 903 959 988 patrocinatur„
1381 912 1382 915 ’

286 1002 366 1068 Rud.
385 1005 482 1068 1306:
506 1005 579 1069 Abu
601 1005 749 1086 tetigisti.
794 1003 854 1068 La.

202 1103 291 1187 quod
312 1103 440 1171 videtur
463 1104 503 1170 ab
529 1110 597 1170 arte
620 1105 819 1188 medicorum
842 1111 1025 1192 sumptum,
1054 1110 1109 1192 qui
1131 1109 1191 1174 hoc
1213 1112 1335 1178 instru-

200 1211 316 1272 mento.
332 1207 366 1272 in
380 1206 791 1294 vulneribus1explorandis
814 1209 986 1274 utebantur
1007 1211 1061 1293 (cf.
1078 1211 1205 1296 Apulei.
1221 1211 1296 1278 Met.
1313 1217 1333 1277 8
1421 1292 1425 1295 ,

201 1329 232 1393 p.
250 1309 338 1394 5143).
1103 1349 1104 1352 ¹

288 1409 366 1477 cist.
380 1411 416 1487 ll,
435 1415 462 1492 1,
478 1388 544 1477 3οι
568 1413 653 1478 lnter
676 1407 798 1480 novam
815 1433 882 1478 rem
898 1415 1031 1478 verbum
1045 1417 1208 1501 usurpabo
1224 1423 1330 1487 uetus:
1455 1484 1457 1488 ,
1551 1503 1555 1516 ‚

287 1511 495 1593 00000001,
527 1513 637 1579 datum
666 1533 739 1582 non
752 1515 885 1580 vellem:
921 1516 1008 1598 quod
1037 1517 1241 1600 reliquomst‚
1268 1541 1332 1586 nou

221 1613 229 1627 ⁴
320 1615 448 1698 dabo.
494 1616 565 1680 Me:

199 1738 220 1781 a
243 1717 467 1798 creditoribus,
498 1720 593 1805 plura
613 1718 742 1786 credere
764 1719 961 1798 nolentibus,
984 1720 1044 1787 hoc
1067 1720 1276 1808 desumptum
1299 1733 1332 1792 01

200 1819 243 1884 ad
265 1840 330 1900 eos,
354 1821 410 1906 qui
432 1822 608 1886 amicitiam
631 1822 912 1900 renuntiaverimt,
935 1822 1127 1887 translatum
1151 1845 1221 1889 esso
1245 1833 1329 1892 recte

199 1923 336 1989 coniecit
357 1923 571 1989 Boxhomius.

285 2025 400 2092 Pseud.
417 2026 440 2106 l,
457 2028 487 2106 2,
503 2028 559 2093 22:
586 2025 639 2093 Sic
662 2025 766 2090 datur.
790 2025 846 2089 Le.

198 2125 319 2194 Sensus
352 2127 447 2193 huius
480 2127 653 2211 formulae,
688 2147 716 2196 a,
739 2126 886 2194 Terentio
909 2127 1034 2193 Phorm.
1055 2130 1147 2210 1027,
1171 2152 1195 2200 a
1213 2132 1327 2196 Plauto

196 2231 328 2316 saepius
351 2228 524 2307 adhibitae,
548 2251 568 2295 a
590 2229 727 2297 Grutero
750 2235 837 2295 recte
861 2230 1040 2316 explicatus
1062 2229 1200 2298 videtur.
1244 2233 1327 2300 Vide

195 2329 347 2398 Brixiam
369 2331 411 2398 ad
432 2331 622 2414 Maricelli,
639 2334 668 2413 2,
690 2335 708 2395 7
732 2332 881 2402 Plautina
905 2334 1055 2418 exempla
1077 2341 1327 2402 enumerantem.

280 2433 502 2500 Eforensibus
513 2435 610 2500 rebus
621 2434 702 2500 haec
712 2435 816 2520 petita
834 2437 922 2500 sunt:
947 2434 1074 2500 Phorm.
1090 2436 1196 2518 7001.
1212 2457 1243 2522 p,
1257 2439 1325 2522 32).

195 2535 261 2602 Sed
282 2536 376 2603 Most.
392 2536 431 2618 V,
449 2540 478 2616 1,
496 2538 550 2602 1οε

279 2637 342 2704 Ubi
365 2657 424 2722 ego
447 2638 540 2704 video
564 2658 632 2703 rem
654 2641 739 2704 vorti
761 2641 794 2705 in
818 2662 889 2706 meo
913 2645 991 2707 1000.
1041 2643 1137 2708 ibon.

192 2761 290 2826 quem
313 2760 443 2805 versum
462 2740 669 2821 Porcellinus‚
691 2739 885 2808 Lambinum
909 2749 1049 2823 secutus,
1072 2745 1233 2829 proverbii
1254 2745 1324 2810 loco

192 2841 302 2923 habet,
325 2841 365 2907 de
387 2861 434 2918 00
449 2843 572 2922 usitati,
596 2844 650 2926 qui
672 2863 819 2909 recusare
841 2865 905 2909 non
927 2850 1049 2930 potest,
1078 2847 1249 2929 quominus
1272 2848 1321 2910 iu-

192 2944 313 3011 dicium
347 2944 478 3024 subeat,
514 2965 577 3010 non
615 2965 683 3010 esse
717 2947 941 3031 proverbium,
975 2947 1031 3012 sed
1067 2947 1320 3033 metaphoricam

191 3046 389 3111 locutionem
414 3051 501 3112 recte
531 3046 772 3115 demonstravit,
787 3049 919 3115 Rostius
947 3049 1060 3136 Opusc.
1082 3049 1106 3131 Ι,
1132 3051 1202 3131 137,
1225 3070 1319 3116 usur-

190 3153 303 3234 patam
324 3169 345 3212 a
366 3148 537 3230 Tranione,
571 3151 625 3234 qui
652 3150 795 3235 quidem,
830 3153 924 3218 sicuti
945 3173 996 3217 vv.
1020 3153 1038 3216 8
1062 3139 1095 3218 o't
1117 3155 1136 3216 9
1160 3158 1319 3240 coeperat,

189 3271 250 3336 per
274 3251 448 3334 imaginem
479 3251 519 3317 de
547 3256 659 3318 senatu
691 3259 863 3319 convocato
895 3255 997 3339 loqui,
1029 3255 1236 3320 itaconcilio
1262 3255 1318 3319 illo

190 3357 388 3436 segregatus,
411 3358 515 3420 semet
536 3355 644 3440 ipsum
665 3355 805 3425 iudicem
828 3358 1101 3441 vocat(v.10)‚a
1121 3358 1208 3422 euius
1222 3358 1319 3422 unius

190 3454 323 3520 arbitrio
346 3456 495 3542 pendeat,
519 3457 597 3542 quid
618 3457 801 3522 iaciendum
824 3461 876 3540 sit,
900 3459 977 3544 quid
999 3481 1072 3524 non.
1099 3455 1101 3462 ’

275 3557 360 3622 Trin.
377 3559 454 3622 317:
478 3557 573 3626 Sarta
594 3563 680 3625 tecta
702 3565 760 3624 tua
774 3567 948 3646 praecepta
969 3561 1076 3628 habui.
1121 3561 1180 3647 Dp.

189 3657 272 3735 Quid
309 3661 476 3742 significet:
516 3659 626 3751 ‚Sarta
662 3665 749 3726 10010
786 3661 886 3744 (tucri
919 3664 972 3728 vol
1008 3664 1163 3747 0010000)ί
1197 3665 1317 3728 omissa

187 3760 349 3843 particula
371 3766 441 3841 ,et‘‚
465 3761 544 3826 bene
567 3763 758 3845 intellegunt
780 3763 877 3828 huius
899 3765 961 3830 loci
976 3765 1178 3851 interpretes⁷
1203 3771 1236 3830 01
1257 3765 1316 3830 hac

187 3861 327 3929 formula
355 3863 404 3928 uti
432 3863 544 3929 solitos
568 3884 638 3929 0000
666 3866 700 3930 in
722 3866 933 3932 locationibus
956 3867 1168 3952 publicorum.
1182 3887 1315 3953 operum

186 3965 397 4046 magistratus
429 3964 591 4032 Romanos
629 3965 809 4034 Gronovius
842 3971 862 4035 l.
891 3971 910 4033 l.
937 3991 968 4059 p.
998 3971 1057 4033 341
1098 3971 1314 4056 compluribus

186 4067 346 4152 exemplis
369 4066 540 4150 diligenter
561 4069 712 4134 illustrat.
736 4069 856 4141 Nostro
880 4073 980 4154 igitur
1001 4073 1070 4137 loco
1094 4073 1173 4138 haec
1194 4073 1313 4161 locutio

183 4169 343 4234 translata
365 4175 415 4236 ast
437 4169 477 4235 ad
499 4169 675 4255 Lysitelem
696 4172 817 4255 filium„
835 4175 889 4257 qui
911 4175 1013 4260 patris
1036 4179 1208 4260 praecepta
1230 4181 1313 4239 tam-

181 4289 282 4354 quam
304 4271 480 4340 aedificium
503 4272 681 4368 hereditate
705 4282 885 4364 acceptum·
897 4296 955 4360 por
978 4296 1105 4364 omnem
1132 4281 1271 4342 aetatem
1294 4297 1313 4341 a

531 4381 536 4390 .
1127 4378 1158 4431 3*
