3274 4964
688 398 1012 474 -45-*'

224 579 346 646 fabulis
369 579 435 644 suis
456 578 638 659 1666161666,
661 595 764 646 nonne
779 577 864 645 idem
879 579 912 646 in
925 578 1108 646 Plautinam
1128 583 1230 646 artem
1244 577 1358 646 eadere

228 683 353 769 optimo
380 682 448 747 iure
477 681 568 748 nobis
599 682 741 747 conicere
775 681 890 747 liceat?
922 681 1023 750 Immo
1057 681 1143 768 quod
1175 682 1358 748 coniectura

227 785 428 867 collegimus,
455 783 660 849 verissimum
686 802 756 850 esse
782 783 1002 866 cognoscimus
1027 803 1071 850 ex
1098 782 1263 850 Tentianis
1289 783 1357 850 illis

226 886 386 972 exemplis
400 884 564 952 Romanae
587 885 730 968 originis,
753 903 837 970 quae
851 883 964 951 eadem
978 883 1162 952 Plautinum
1176 903 1357 952 sermonem

227 993 353 1068 ornant,
370 985 659 1068 6616161116611,
675 991 702 1066 1,
715 987 765 1052 22.
789 983 882 1074 Capt
898 985 952 1067 IV,
968 989 998 1068 2,
1013 990 1064 1054 86.
1086 987 1227 1067 116111,
1241 989 1355 1068 10,77.

227 1092 314 1157 Pers.
331 1090 384 1170 Ν,
407 1092 440 1170 7,
463 1093 513 1155 19.
568 1088 734 1158 Accedunt
763 1091 815 1170 ea,
848 1089 967 1176 quibus
999 1089 1143 1158 Romana
1169 1093 1357 1173 arguments

226 1193 376 1270 subsunt,
409 1193 536 1259 uthis:
570 1193 684 1259 Bacch.
711 1195 780 1258 123.
814 1191 886 1259 Cas.
910 1192 961 1273 111,
987 1197 1014 1274 1,
1041 1195 1089 1258 10.
1123 1191 1237 1260 Pseud.
1263 1192 1354 1256 1322.

226 1296 322 1362 Poen.
339 1295 377 1376 V,
394 1285 558 1377 141161
579 1315 651 1362 mea
673 1295 803 1381 quidem
824 1295 982 1362 sententia
1008 1296 1118 1362 etiam:
1148 1293 1273 1373 (16611,
1289 1295 1318 1368 4,
1335 1293 1355 1356 8
1433 1289 1434 1294 ’

225 1397 311 1466 Τ116.
336 1399 406 1464 320.
430 1397 618 1465 Ceterorum
639 1416 713 1464 voro
737 1397 841 1466 Plauti
866 1397 1105 1483 proverbiorum
1128 1399 1190 1464 6161
1212 1397 1356 1463 Romana

225 1502 326 1588 611166
349 1521 404 1586 661
426 1500 553 1583 singula
574 1501 663 1568 nullo
686 1501 866 1567 confirmari
887 1500 1072 1566 testimonio
1088 1505 1206 1586 potest,
1229 1519 1269 1565 ex
1282 1499 1355 1566 uni·

224 1623 319 1670 versa
329 1609 437 1669 tamen
446 1603 543 1670 huius
555 1608 671 1690 poetae
681 1604 817 1683 ratione,
833 1601 972 1670 Graecas
987 1601 1168 1668 comoedias
1183 1600 1354 1680 tractandi,

224 1707 328 1772 multo
355 1706 501 1774 liberiore
534 1726 632 1792 quam
658 1705 810 1784 Terentii,
845 1705 986 1771 conicere
1013 1705 1101 1781 11661,
1131 1705 1225 1772 illum
1250 1706 1353 1773 multo

224 1810 331 1874 minus
364 1829 460 1894 quarn
492 1809 574 1875 huno
607 1808 782 1888 dubitasse,
816 1806 961 1873 Romana
992 1827 1101 1892 provv.
1138 1809 1205 1876 suis
1237 1809 1354 1876 fabulis

224 1912 413 1978 immiscere.
459 1910 549 1988 Quod
581 1913 609 1976 si
642 1913 689 1977 ita
721 1912 791 1977 esse
817 1907 1012 1985 conceditur,
1046 1930 1111 1977 non
1143 1913 1210 1976 sine
1244 1912 1354 1997 aliqua

224 2013 462 2099 probabilitatis
485 2015 590 2099 specie
612 2034 660 2094 66,
684 2034 764 2100 quae
786 2035 841 2101 pp.
860 2015 986 2080 33--38
1009 2015 1210 2093 enumeravi,
1236 2015 1271 2078 in
1293 2014 1352 2080 hoc

225 2135 360 2182 numero
383 2117 513 2196 colloco,
537 2116 653 2202 quib'us
675 2119 767 2203 paria
789 2116 913 2185 Graeca
935 2137 1000 2184 non
1022 2121 1142 2183 extant.

310 2217 429 2284 Verum
439 2221 599 2286 enimvero
612 2223 756 2285 omnimn
770 2222 834 2286 fere
845 2219 1065 2286 Plautinorum
1076 2218 1352 2284 Terentianorum-

225 2339 285 2404 que
307 2321 548 2406 proverbiorum
571 2342 758 2409 compagem
785 2328 936 2389 executus
964 2340 1137 2407 eorumque
1163 2323 1352 2403 argumenta

224 2427 459 2489 commentatus
489 2443 571 2490 nunc
598 2424 729 2510 quidem
755 2419 797 2491 ad
823 2425 957 2492 alteram
988 2424 1088 2490 161166
1116 2421 1351 2488 dissertationis

224 2526 418 2610 particulam
437 2526 633 2612 progredior,
653 2546 735 2612 quae
752 2533 896 2593 66166161
910 2528 944 2592 16
959 2527 1085 2594 ratione·
1098 2522 1351 2612 pervestiganda,

224 2647 321 2711 quam
342 2632 456 2712 poetae
478 2630 513 2696 iu
534 2629 711 2716 proverbiis
731 2621 899 2716 'usurpatis
922 2631 1024 2695 secuti
1045 2630 1120 2695 sint.

310 2730 418 2815 Atque
440 2751 594 2816 personas
622 2730 750 2815 quidem
777 2730 1020 2817 proverbialiter
1042 2731 1209 2817 loquentes
1230 2731 1351 2796 faciunt

224 2832 258 2896 16
290 2833 476 2898 universum
508 2835 653 2918 quasvis,
693 2831 750 2900 sed
782 2833 922 2898 manime
955 2833 1079 2916 largam
1110 2832 1351 2920 proverbiorum

225 2935 351 3019 copiam
384 2935 508 3000 faciunt
541 2936 639 3001 661616
673 2934 737 3000 11116
770 2935 944 3002 admodum
977 2936 1115 3001 66166116
1148 2940 1182 3000 61
1214 2933 1350 3013 callidis,

224 3041 336 3122 utpote
359 3057 493 3121 quorum
514 3038 549 3103 in
570 3038 753 3104 fabularum
774 3035 881 3104 nodis
896 3041 930 3104 61
950 3036 1112 3104 nectendis
1135 3042 1168 3103 et
1189 3034 1350 3102 solvendis

225 3159 323 3226 opera
344 3141 488 3204 maxima
508 3146 726 3207 consumatur.
770 3139 926 3207 Promunt
946 3144 1056 3206 antem
1078 3139 1112 3205 hi
1134 3140 1218 3206 servi
1240 3159 1350 3225 provv.

225 3261 265 3304 61
287 3241 431 3324 quolibet
452 3249 712 3324 argumentorum
734 3263 860 3326 genere:
883 3242 978 3309 modo
999 3231 1161 3327 generales
1176 3243 1350 3308 sententias
1399 3313 1400 3318 ,

225 3347 338 3408 61666
365 3344 584 3425 gravissimas,
612 3365 629 3409 e
657 3345 861 3431 philosophia
887 3346 1221 3432 6611166616161661,
1255 3343 1350 3410 modo

224 3444 401 3510 locutiones
434 3465 451 3510 e
483 3446 552 3511 vita
583 3447 762 3514 humillima
790 3448 964 3515 translatas
998 3447 1157 3514 adhibent.
1206 3447 1240 3513 Id
1267 3447 1351 3532 quod

223 3547 351 3611 illorum
379 3547 508 3612 vivendi
534 3549 652 3615 rationi
677 3549 756 3615 bene
786 3551 975 3617 conveniens
1006 3555 1063 3616 est.
1112 3549 1198 3617 Nam
1225 3555 1292 3616 arte
1319 3555 1351 3614 61

224 3649 336 3713 intimo
359 3650 497 3734 quodam
520 3651 646 3717 vinculo
669 3651 729 3718 hoc
744 3671 846 3736 genus
860 3653 1026 3719 hominum
1041 3673 1110 3719 cum
1130 3652 1253 3719 duabus
1268 3653 1351 3718 inter

225 3769 258 3813 se
280 3751 346 3815 fere
370 3753 537 3818 contrariis
558 3752 706 3839 partibus
734 3755 939 3822 constrictum
963 3760 1023 3821 est:
1051 3776 1121 3822 oum
1149 3753 1350 3839 gravioribus

224 3853 381 3938 nimisque
405 3856 522 3920 severis
544 3861 575 3921 61
597 3855 702 3942 661616
725 3855 852 3922 senibus
875 3863 907 3923 et
929 3877 1000 3923 oum
1023 3878 1133 3924 eorum
1155 3859 1229 3924 111116
1250 3859 1349 3925 16616-

223 3953 313 4020 ribus
347 3956 505 4041 nimisque
535 3957 700 4024 dissolutis
734 3964 767 4026 et
796 3959 946 4045 prodigis.
992 3960 1078 4039 Quae
1106 3962 1348 4040 6661166161.

223 4071 287 4122 non
309 4062 359 4123 est
381 4059 514 4139 mirum,
549 4059 636 4144 quod
658 4065 691 4126 et
712 4080 841 4128 6666166
863 4067 960 4148 atoue
987 4063 1137 4130 honestas
1165 4064 1348 4138 sententiae,

222 4157 350 4226 11161661
372 4161 664 4247 661611661661166,
687 4167 719 4228 61
741 4163 856 4230 horum
879 4165 1027 4250 loquendi
1049 4166 1187 4231 rationes
1210 4168 1349 4232 616611-

223 4259 325 4328 dianis
349 4261 571 4348 voluptatibus
594 4285 631 4330 ac
653 4264 775 4332 deliciis
798 4271 945 4353 sumptas
975 4268 1008 4332 in
1030 4289 1065 4334 se
1087 4268 1251 4352 recipiunt.
1296 4269 1351 4335 Ad
