3274 4964
751 443 964 506 -38-

377 613 658 699 Addo'postremo
681 614 760 690 loeo,
780 614 847 677 ‘etsi
869 633 933 676 non
951 611 1015 677 ¹sub
1038 612 1098 677 hoe
1120 631 1222 694 genus
1244 609 1344 675 eadit:

374 715 458 779 Trin.
479 717 574 778 1004:
600 707 773 800 Nunquam
795 720 915 779 temere
938 713 1035 778 tinnit
1055 712 1313 779 tintinnabulum.
1361 709 1420 774 012.

374 815 423 881 Ea
445 818 561 900 igitur,
593 836 675 901 quae
698 817 732 881 in
754 817 929 901 posteriore
952 815 1048 881 huius
1075 815 1303 901 disputationis
1326 819 1419 900 parte

289 913 508 994 tractavimus,
533 918 711 1004 proverbia,
736 918 786 984 uti
802 939 899 1004 supra
918 919 1035 993 monui,
1061 918 1145 1003 aptis
1161 915 1294 983 Graecis
1311 935 1419 981 exem-

244 1027 246 1030 ’
289 1021 359 1106 plis,
384 1021 542 1105 quantum
566 1041 624 1104 ego
647 1019 777 1104 quidem
797 1020 1130 1106 perspicerepossum,
1153 1038 1284 1104 prorsus
1298 1023 1418 1083 carent.

216 1123 217 1128 ’
287 1123 355 1188 lam
376 1144 460 1198 vero,
485 1142 683 1207 quamquam
706 1143 783 1187 sane
807 1141 848 1186 ex
870 1141 958 1186 mero
980 1122 1108 1186 silentio
1123 1120 1319 1187 Graecorum
1342 1121 1418 1186 s'ori-

289 1231 420 1311 ptorum
443 1261 484 1271 -—
507 1244 645 1308 quorum
668 1225 861 1299 testimonia,
890 1225 973 1288 siout
994 1231 1062 1289 tam
1083 1224 1187 1288 multa
1209 1228 1242 1288 et
1264 1223 1337 1299 alia,
1361 1242 1419 1307 per

288 1322 441 1411 temporis
475 1326 680 1409 iniquitatem
712 1327 781 1390 fieri
808 1326 901 1390 facile
935 1327 1055 1411 potuit,
1089 1330 1127 1390 ut
1153 1326 1294 1411 perirent
1314 1361 1356 1370 -
1378 1324 1417 1387 de

287 1429 433 1494 Romana
454 1428 568 1493 horum
596 1448 704 1512 provv.
729 1429 850 1510 origine
876 1429 923 1492 nil
946 1428 1093 1494 oonoludi
1119 1428 1227 1502 debet,
1262 1424 1419 1494 accedunt

287 1537 395 1596 tamen
418 1529 587 1615 quaedam,
613 1530 731 1614 quibus
754 1531 955 1595 eonieeturae
978 1551 1068 1595 meae
1090 1531 1309 1617 probabilitas,
1331 1533 1417 1594 eerte

288 1633 374 1719 quod
408 1633 449 1698 ad
471 1631 662 1698 Terentiana
690 1633 820 1706 attinet,
855 1631 1103 1697 commendetur.
1149 1633 1253 1710 Quam
1286 1631 1328 1698 ad
1349 1650 1417 1696 rem

288 1734 515 1802 declarandam
549 1735 645 1821 paulo
675 1734 857 1799 accuratius
890 1735 921 1797 in
944 1733 1066 1800 Donati
1092 1735 1145 1800 vel
1172 1734 1417 1800 scholiastarum

285 1835 526 1906 ¹commentandi
563 1826 722 1903 rationem
758 1835 982 1920 inquirendam
1021 1838 1199 1922 exspatiari
1242 1856 1321 1922 opus
1359 1841 1434 1900 est„

286 1935 371 2005 Nam
394 1961 468 2004 eum
486 1940 759 2018 commentarium,
784 1938 840 2022 qui
851 1936 972 2004 Donati
993 1940 1105 2014 fertur,
1127 1959 1191 2003 non
1213 1937 1311 2003 unius
1334 1938 1416 2003 eius*

288 2042 425 2128 demque
442 2063 513 2107 esse
528 2042 686 2126 magistri,
711 2040 894 2126 Sohopenus
910 2061 948 2105 ea
962 2041 1195 2116 dissertatione,
1219 2061 1317 2126 quam
1331 2062 1361 2126 p.
1375 2041 1414 2102 32

286 2145 431 2224 laudavi,
466 2145 654 2210 certissimis
683 2143 882 2226 argumentis
912 2144 945 2208 in
972 2146 1160 2209 universum
1189 2143 1307 2209 doeuit.
1352 2139 1416 2208 Sed

286 2246 426 2328 singula,
453 2255 538 2330 'quae
562 2245 604 2310 ad
624 2251 769 2332 nostram
792 2245 1045 2331 disputationem
1067 2248 1241 2332 pertinent,
1265 2245 1323 2310 hoo
1345 2245 1414 2309 loeo

285 2348 318 2413 in
342 2362 478 2414 examen
499 2348 593 2414 nobis
609 2348 752 2414 vocanda
774 2351 858 2414 sunt.
904 2345 1011 2430 Atque
1033 2346 1067 2411 in
1086 2347 1263 2434 proverbiis
1285 2346 1415 2434 quidem

286 2450 503 2532 significandis
526 2450 674 2517 Donatus
697 2471 868 2534 gemianus
894 2449 976 2514 hano
999 2449 1155 2514 rationem
1185 2451 1344 2536 sequitur,
1377 2453 1415 2512 ut

286 2553 331 2618 eis
365 2553 458 2626 loeis,
494 2553 612 2638 quibus
639 2553 806 2620 Terentius
834 2551 997 2639 proverbii
1023 2557 1135 2618 notam
1163 2553 1281 2618 diserte
1314 2550 1413 2626 addit,

288 2654 358 2738 ipse
397 2655 522 2740 quoque
560 2656 598 2722 de
634 2657 802 2742 proverbio
839 2654 989 2720 distinete
1027 2660 1262 2720 commemoret.
1321 2653 1415 2720 Hune

286 2761 396 2821 autem
428 2779 563 2840 morem,
599 2759 779 2843 ubieunque
807 2757 1015 2844 proverbialis
1049 2758 1206 2822 enuntiati
1226 2763 1353 2822 'natura
1375 2775 1414 2819 es

284 2865 394 2944 poetae
417 2860 755 2946 ipsiusadditamento
772 2864 914 2946 apparet,
937 2858 1083 2926 Donatus
1097 2860 1266 2943 diligenter
1284 2859 1411 2932 retinet,

284 2963 347 3028 nisi
370 2964 452 3028 forte
482 2985 545 3030 uno
571 2965 639 3029 loeo
661 2963 704 3028 ad
723 2961 823 3028 Andr.
841 2984 870 3026 v.
887 2963 965 3036 805,
1000 2982 1096 3047 quem
1118 2961 1320 3047 proverbium
1342 2977 1412 3025 esse

283 3065 349 3129 iam
371 3066 413 3130 ad
435 3065 535 3131 Andr.
553 3067 615 3131 305
638 3065 851 3144 indicaverat,
881 3063 940 3129 hoe
967 3065 1086 3129 iterum
1108 3065 1315 3149 pronuntiare
1336 3084 1411 3150 pru·

284 3166 394 3231 denter
417 3167 545 3233 omittit.
592 3166 692 3233 Cuius
715 3167 815 3230 moris
837 3165 1021 3230 testimonio
1045 3171 1121 3230 sunt
1142 3166 1176 3230 hi
1199 3167 1275 3232 looi:
1309 3164 1409 3230 Andr.

284 3270 354 3331 305.
372 3270 450 3347 4263
472 3267 555 3334 Eun.
574 3269 652 3345 7323
674 3266 979 3332 memoratos.
997 3268 1068 3331 768.

369 3369 453 3436 Sunt
475 3376 583 3437 autem
606 3371 714 3435 omnia
736 3369 829 3445 haee,
852 3373 1010 3454 utsupra
1033 3369 1246 3451 ostendimus,
1270 3369 1411 3438 Graecae

284 3472 429 3554 originis:
465 3493 560 3558 quae,
595 3478 633 3538 ut
659 3472 827 3538 Terentius
855 3473 939 3556 ipse,
974 3472 1061 3560 satis
1085 3473 1188 3540 fidelis
1212 3472 1326 3540 Graeoi
1359 3476 1412 3540 sui

283 3575 424 3660 exempli
444 3571 597 3654 imitator,
623 3575 792 3659 expressit,
816 3574 935 3642 diserte
959 3596 1070 3647 eorum
1091 3576 1325 3663 proverbialem
1344 3577 1411 3642 vim

283 3675 468 3760 designans,
496 3677 543 3740 ita
564 3676 730 3758 Donatus,
754 3696 789 3742 re
811 3698 886 3743 vera
907 3679 1077 3765 proverbia
1103 3698 1174 3744 esse
1198 3699 1239 3744 ex
1262 3677 1410 3745 Terentio

282 3797 341 3843 suo
364 3777 532 3862 perspicue
554 3779 758 3862 intellegens,
780 3779 841 3846 hoe
862 3786 914 3846 sat
936 3785 1023 3847 oerto
1047 3780 1176 3846 definire
1199 3800 1262 3846 non
1284 3781 1408 3847 vitavit.

282 3878 372 3944 Hane
409 3884 519 3944 autem
556 3880 812 3948 observationem
848 3883 1079 3966 grammaticus
1115 3883 1169 3947 ille
1208 3883 1250 3948 ad
1286 3883 1411 3967 reliqua

283 4000 390 4066 provv,
426 3979 553 4046 videtur
589 3984 807 4060 transtulisse,
846 4004 884 4050 ea
920 3988 1048 4051 tantum
1083 3985 1210 4071 proprie
1243 3989 1409 4070 tamquam

284 4101 391 4166 provv.
409 4083 598 4166 significans,
623 4105 705 4170 quae
728 4087 762 4151 in
777 4085 900 4152 Graeco
923 4105 1069 4154 sermone
1092 4087 1327 4173 proverbialem
1343 4088 1409 4152 vim
1472 4158 1476 4166 ,

282 4181 412 4249 habere*
430 4185 457 4248 ei
485 4189 597 4252 notum
619 4193 699 4254 erat.
744 4187 803 4253 llla
829 4189 915 4254 enim
937 4187 1129 4254 Terentiana
1153 4208 1280 4275 provv,
1297 4215 1300 4220 ·
1316 4209 1408 4274 quae,

283 4285 444 4352 aDonato
461 4285 622 4369 distinata,
639 4310 738 4376 supra
761 4291 915 4355 asterisco
941 4291 1091 4370 instruxi,
1120 4289 1242 4357 Graeco
1270 4292 1409 4356 sermoni
