3274 4964
671 351 884 412 ...15-

213 520 347 598 minem,
375 519 481 602 aliqua
507 537 541 582 re
571 519 658 604 turpi
684 519 884 603 inquinatum
913 519 964 583 vel
993 519 1092 584 etiam
1122 518 1242 584 morbis
1270 537 1340 584 cum

214 621 286 687 aliis
312 625 382 685 tum
408 620 532 686 insania
559 617 715 700 affectum,
744 620 949 706 quiquidem
976 619 1046 686 deis
1079 619 1248 706 displicere
1276 640 1342 686 cre·

214 723 358 802 debatur,
385 727 616 808 perpurgarent
643 725 675 786 et
702 724 878 808 expiarent.
930 721 1207 788 Commemoratur
1232 727 1339 788 autem

215 825 275 890 hoc
298 825 485 892 sacrificium
508 822 595 909 apud
616 822 870 908 Aristophanem
892 823 964 888 Pac.
981 825 1053 903 374,
1077 823 1155 889 Ran.
1180 825 1251 888 338.

302 925 381 992 Rud.
398 927 474 990 461:
498 924 696 990 Praefiscine.
742 925 791 989 Se.

300 1027 393 1093 Hanc
414 1047 524 1092 vocem
548 1028 646 1092 simili
669 1026 764 1092 modo
786 1028 819 1092 in
846 1028 918 1094 Cas.
935 1027 973 1107 V,
990 1029 1019 1108 2,
1036 1031 1074 1091 51
1092 1027 1231 1092 sermoni
1246 1027 1340 1090 inter-

219 1129 369 1214 positam,
385 1129 512 1214 plenius
534 1129 568 1193 in
582 1127 673 1192 Asin.
690 1131 750 1192 191
768 1129 966 1208 collocatam,
983 1149 1023 1194 ex
1038 1129 1187 1210 religiosa
1202 1127 1340 1213 quadam

217 1230 408 1296 verecundia
429 1231 615 1315 profectam,
638 1231 672 1294 in
687 1232 846 1316 proverbii
872 1230 1132 1296 consuetudinem
1155 1228 1339 1294 discessisse

216 1332 358 1399 Muretus
385 1332 461 1398 Var.
495 1331 582 1396 Lect.
609 1331 704 1412 lll‚3
733 1331 974 1398 demonstravit.
1034 1331 1083 1397 Dc
1119 1331 1341 1416 superstitiosa

217 1425 327 1500 autem
359 1437 502 1498 veterum
536 1435 693 1520 opinione,
728 1455 789 1518 qua
819 1434 967 1498 amuletis
995 1434 1046 1498 vel
1079 1432 1232 1517 symbolis
1263 1452 1296 1496 se
1324 1453 1342 1496 a

217 1537 339 1602 fascino
369 1535 497 1601 defendi
528 1556 625 1621 posse
652 1536 901 1616 arbitrabantur,
929 1535 1003 1600 vide
1030 1556 1110 1620 quae
1137 1535 1342 1601 Casaubonus

218 1637 467 1704 lecttTheocrit.
481 1658 506 1703 c.
519 1640 538 1702 8
551 1659 582 1724 p.
597 1640 615 1700 7
618 1641 637 1702 6
653 1636 753 1704 affert.
771 1638 919 1704 Ceterum
935 1637 1069 1704 eandem
1083 1637 1342 1724 superstitionem

220 1739 305 1826 apud
328 1739 467 1808 Graecos
490 1742 640 1824 viguisse,
663 1740 722 1806 hac
737 1741 906 1819 locutione,
922 1740 1065 1806 Romano
1081 1741 1234 1806 vocabulo
1255 1759 1343 1824 pror-

220 1863 274 1907 sus
297 1841 519 1928 respondente,
548 1863 643 1927 quam
669 1843 856 1908 Theocritus
884 1842 928 1907 ld.
957 1842 1070 1922 1139
1098 1842 1236 1920 exhibet,
1263 1842 1342 1906 satis
1420 1913 1423 1922 .

219 1944 429 2026 intellegitur:
454 1943 508 2025 ,ὥς
522 1951 564 2030 psa*
579 1950 758 2034 βασκανθῷ
773 1947 817 2024 δὲ,
840 1954 904 2029 τρῖς
926 1949 970 2020 εἷς
985 1944 1063 2028 ἐμὸν
1077 1945 1196 2010 dicunda
1212 1945 1340 2009 κόλπον.

218 2045 266 2111 Cf.
290 2046 405 2132 Apost.
432 2047 480 2126 18,
497 2049 568 2112 dia.

304 2147 417 2213 Pseud.
433 2149 508 2212 363:
536 2147 652 2213 Vetera
673 2149 900 2214 vaticinamini.
946 2148 1009 2210 Ba.

219 2247 377 2315 Graecum
399 2252 510 2336 aequle
526 2251 648 2317 dictum
666 2251 705 2316 ab
728 2250 886 2334 Aeschylo
903 2251 936 2314 in
951 2249 1055 2314 Prom.
1072 2249 1133 2312 319
1150 2249 1342 2334 usurpatum

218 2349 373 2416 Erasmus
406 2351 428 2429 1,
453 2355 482 2432 5,
507 2354 547 2417 24
582 2375 622 2418 ex
654 2352 747 2436 Diog.
781 2355 810 2428 ·2‚
838 2355 857 2417 3
885 2353 974 2417 eruit.
1013 2387 1054 2398 -
1087 2349 1183 2415 Haud
1208 2350 1343 2415 multum

198 2456 328 2524 ,autem
348 2452 408 2518 hcc
430 2453 530 2519 distat
553 2474 572 2520 a

305 2552 374 2620 Ter.
390 2553 515 2622 Phorm.
531 2577 560 2620 v.
577 2558 653 2620 495:
677 2555 876 2622 Cantilenam
892 2555 1026 2620 candem
1042 2556 1139 2620 canis.
1180 2553 1241 2616 Do.

220 2656 274 2740 qui
297 2626 398 2721 affinis
422 2661 471 2722 est
492 2657 662 2743 Theophili
683 2659 789 2724 versui
815 2656 925 2740 (Mein.
948 2657 999 2736 ΠΙ,
1027 2657 1122 2740 629):
1158 2654 1260 2731 οὐδεὶς
1281 2663 1343 2737 γὰρ

220 2755 310 2842 ἡμῶν
330 2756 444 2825 ταύτὸν
466 2757 575 2842 ᾄσεται
598 2761 705 2844 μέλος.

306 2858 370 2925 Sed
398 2882 479 2926 nunc
507 2861 581 2926 licet
616 2860 657 2925 ad
688 2881 727 2926 ea
752 2859 921 2946 proverbia
951 2850 1181 2924 enumeranda
1201 2877 1341 2943 pergere,

219 2980 300 3046 quae
323 2982 364 3026 ex
386 2961 563 3028 domestica
585 2963 660 3038 vita,
676 2963 759 3028 inter
769 2961 926 3039 familiam
943 2965 975 3025 et
995 2961 1112 3026 amicos
1136 2965 1342 3034 111111111-

219 3068 362 3128 verunt«
386 3063 570 3130 Cuiusmodi
592 3064 671 3129 haec
692 3064 808 3131 habes:

306 3165 417 3232 Pseud.
435 3167 510 3231 314:
533 3165 618 3232 Nam
632 3167 715 3232 istuc
732 3217 738 3230 .
757 3217 763 3230 .
782 3218 788 3231 .
806 3164 894 3251 apud
912 3184 1082 3230 novercam
1097 3182 1237 3248 querere.
1282 3173 1343 3228 Ba.

221 3268 332 3350 Aeque
354 3268 437 3332 male
460 3288 612 3333 novercas
636 3267 721 3355 apud
744 3267 883 3334 Graecos
906 3266 1053 3340 audiisse,
1080 3271 1245 3349 tamquam
1268 3264 1344 3330 dure

222 3373 256 3434 et
277 3369 383 3454 inique
406 3371 440 3434 in
461 3370 624 3455 privignos
647 3389 681 3435 se
704 3375 859 3452 gerentes,
884 3373 1009 3434 constat
1031 3389 1071 3433 ex
1093 3367 1187 3450 Diog.
1206 3370 1234 3443 2,
1253 3370 1291 3432 76
1314 3373 1346 3434 et

222 3473 330 3558 Apost
354 3473 402 3548 18,
420 3473 459 3536 66
469 3493 493 3536 r.
527 3472 696 3538 Praeterea
711 3471 807 3536 velim
829 3470 1011 3536 consideres
1033 3469 1187 3535 Herodot.
1204 3469 1255 3545 IV,
1276 3473 1344 3534 154.

307 3574 404 3662 Porro
428 3595 468 3640 ex
489 3574 579 3657 larga
602 3573 821 3658 exemplorum
840 3575 940 3659 copia,
965 3572 1138 3664 quihusudc
1160 3572 1345 3638 mulieribus

223 3695 328 3742 sermo
352 3681 410 3752 est,
434 3677 584 3742 hocloco
608 3697 710 3762 pauca
732 3675 918 3760 depromere
942 3676 1020 3740 satis
1043 3675 1093 3750 sit,
1120 3675 1203 3739 velut
1224 3674 1318 3740 haec:

309 3777 373 3843 Mil.
393 3779 489 3845 1292:
520 3778 633 3844 Mulier
655 3780 796 3863 profecto
819 3783 927 3843 natast
950 3799 990 3842 ex
1010 3779 1083 3862 ipsa
1105 3797 1203 3841 mora.
1249 3775 1299 3840 Pl.

224 3901 319 3964 quam
349 3881 483 3945 eandem
510 3883 702 3946 sententiam
729 3881 832 3962 magis
858 3880 986 3965 proprie
1009 3879 1173 3944 Terentius
1197 3879 1347 3963 exprimit

223 3985 258 4046 in
279 3981 380 4047 Heau.
398 3984 474 4048 240:
497 3983 592 4049 Nosti
615 4003 720 4048 mores
743 3983 927 4047 mulierum:

310 4085 396 4151 Dum
417 4086 597 4160 moliuntur,
623 4085 697 4150 dum
720 4089 893 4160 comuntur,
919 4106 1018 4150 annus
1041 4090 1099 4152 est.
1149 4084 1230 4148 01111.

224 4185 448 4252 Fleckeisenus
463 4187 643 4253 Bentleium
659 4191 784 4252 secutus
800 4207 857 4272 pro
882 4187 1064 4262 ‚comuntur'
1086 4187 1164 4268 legit
1186 4185 1344 4250 hocloco:
