3274 4964
768 419 981 479 ..24-

399 588 414 620 *
436 587 481 654 Ut
503 589 630 673 quimus
653 589 786 668 aiunt,
810 587 938 672 quanda
959 591 998 650 nt
1012 586 1171 661 volumus,
1195 604 1260 649 non
1273 585 1350 650 lieet
1376 584 1442 670 Μγ.

313 690 397 774 qnod
420 690 600 773 analogiam
622 689 720 755 habet
747 691 782 754 in
804 687 927 755 Graeco
954 687 1029 752 hoe:
1067 686 1307 769 Diog.4,100:
1343 687 1444 770 ζῶμεν

312 795 373 874 γὰρ
398 791 453 875 οὐχ
475 791 518 868 ὡς
540 794 691 876 θέλομεν,
716 790 787 857 ἀλλ’
810 789 853 867 ὡς
876 791 1057 874 δυνάμεθα.

263 913 267 918 ·
398 894 413 925 *
435 894 573 980 Adelph.
590 896 666 960 431:
690 893 735 959 Ut
756 894 886 958 homost
908 894 955 958 ita
977 912 1097 957 morem
1122 910 1224 972 geras.
1270 889 1323 975 Sp.

312 995 399 1058 Idem
423 993 537 1061 Graeci
561 996 782 1078 significabant
804 994 901 1060 verbo
926 991 1148 1068 ,ἀκολουθεῖν
1172 993 1224 1058 vel
1242 993 1439 1079 χαρίζεσθαι.

314 1094 395 1160 Vide
411 1096 534 1161 Andae.
550 1096 654 1161 Aleib.
669 1098 718 1171 31,
733 1098 783 1160 35.
796 1095 941 1181 Xenoph.
954 1095 1086 1160 Memor.
1100 1097 1128 1170 ⁶2,
1143 1097 1171 1169 ll,
1185 1096 1218 1160 3:
1233 1095 1440 1178 χαριζόμενον

291 1183 370 1284 ὀἵῳ
394 1196 497 1281 ἀνδρί.
542 1196 622 1262 Item
644 1198 775 1263 Plautus
798 1199 831 1262 in
853 1197 947 1262 Most.
965 1196 1014 1272 ΠΙ,
1032 1199 1060 1272 ⁶2,
1079 1197 1128 1261 36.

396 1297 497 1362 Andr.
515 1299 590 1363 309:
620 1297 725 1363 Faeile
749 1318 868 1373 omnes,
892 1318 988 1382 quom
1012 1297 1172 1372 valemus,
1197 1301 1284 1363 reeta
1306 1298 1439 1362 consilia

465 1401 605 1481 aegrotis
629 1398 774 1465 damna(
801 1400 858 1464 dt.

313 1499 467 1565 Similiter
489 1500 632 1585 loquitur
653 1501 833 1586 Aeschylus
855 1503 889 1565 in
911 1501 1071 1566 Prometh.
1089 1503 1164 1566 265:

399 1605 552 1690 ἔλαφρον,
576 1603 660 1679 όσπς
682 1606 834 1688 πημάτων
855 1605 915 1680 ἔξω
938 1605 1025 1668 πόδα

404 1705 474 1786 ε’γει,
499 1719 672 1789 παραινεῖν
693 1711 860 1770 νουθετεῖν
880 1731 912 1769 τε
933 1705 987 1770 τόν
1009 1711 1114 1782 κακῶς
1135 1707 1316 1787 πράσσοντ’.

314 1809 347 1868 et
368 1804 541 1870 Menander
565 1806 674 1889 (Mein.
691 1805 774 1870 Men.
792 1811 825 1870 et
840 1805 918 1871 Phil.
935 1807 1024 1891 reliq.
1041 1828 1071 1892 p.
1088 1808 1155 1891 22).

395 1907 499 1972 Hean.
516 1911 591 1974 4‘2‘2:
617 1908 709 1986 Quod
730 1909 824 1991 iniiga
846 1908 943 1974 andin

394 2009 476 2085 Diei,
501 2009 587 2075 diem
610 2010 750 2076 adimere
774 2010 1007 2093 aegritudinem
1028 2009 1212 2074 haminibus
1257 2011 1319 2073 Me.

309 2111 344 2176 id
367 2111 451 2196 quod
473 2111 581 2177 reddit
603 2112 759 2178 Graecam
775 2114 973 2198 paroemiam
989 2113 1069 2186 hane
1086 2111 1197 2195 (Greg.
1211 2112 1305 2198 Cppr
1322 2114 1351 2187 3,
1365 2113 1436 2196 65):

311 2216 505 2297 ,σύμβουλός
528 2216 612 2280 ἐστιν
634 2214 652 2282 ό
671 2218 785 2299 χρόνος
806 2219 866 2279 τῶν
890 2217 1112 2298 πραγμάτων.
1158 2213 1357 2300 Philippides
1380 2215 1435 2297 (ef.

309 2316 590 2401 Apost.12‚55a)
613 2316 694 2380 hane
720 2318 749 2380 ei
778 2318 914 2380 formam
945 2314 1048 2379 dedit:
1085 2313 1121 2390 ,ὁ
1145 2316 1251 2392 κοινὸς
1273 2318 1380 2398 ἰατρός
1403 2336 1437 2382 σε

309 2420 501 2503 θεραπεύσει
524 2419 657 2503 χρόνοςζ
681 2419 833 2505 Diphilus
858 2419 968 2503 (Mein.
984 2419 1036 2494 lV,
1054 2421 1133 2503 426)
1157 2419 1251 2484 hane:
1278 2422 1378 2504 λόπης
1400 2420 1437 2483 dl

310 2522 413 2605 πόσης
434 2522 544 2601 γίγνετ’
567 2522 673 2605 ἰατρός
693 2524 816 2605 χρόνος.

395 2621 410 2654 *
432 2621 532 2687 Andr.
551 2624 623 2687 778:
648 2623 877 2688 Fallacia-alia
899 2624 996 2688 aliam
1018 2623 1129 2688 trudit.
1175 2623 1240 2687 Da.

309 2723 395 2807 qnod
417 2744 480 2787 non
503 2729 552 2790 est
576 2725 716 2801 dubium,
742 2728 817 2810 quin
840 2726 881 2791 ad
897 2726 1056 2793 Graecum
1071 2728 1131 2792 hoe
1153 2727 1336 2813 exemplum
1358 2746 1434 2789 ron·

308 2827 483 2891 lemmatum
498 2827 553 2892 sit:
579 2826 678 2911 ,ὕβρις
693 2827 786 2912 ὕβριν
801 2830 904 2894 ε”τικτέ
929 2827 975 2894 df.
993 2828 1087 2912 Greg.
1105 2829 1199 2914 Cypr.
1217 2830 1246 2908 3,
1263 2830 1303 2891 86
1316 2826 1432 2892 heeeh.

308 2927 394 2991 Pers.
411 2930 473 2991 823
489 2930 604 3011 Agam.
623 2931 693 2994 732.

336 3090 341 3116 ,
393 3031 519 3095 Pharm.
537 3034 614 3096 203:
639 3031 745 3097 Fortis
768 3035 895 3098 fortuna
918 3033 1058 3098 adiuvat.
1106 3033 1161 3095 Ge.

307 3131 377 3196 Hae
400 3137 509 3197 autem
532 3132 647 3200 Graeci
670 3135 726 3198 alii
749 3135 842 3200 aliter
865 3136 1128 3217 significaverunt,
1152 3134 1242 3198 velut
1260 3133 1434 3199 Menander

308 3233 417 3316 (Mein.
435 3235 487 3314 IV,
504 3237 582 3318 249)
598 3236 657 3299 ita:
684 3238 796 3326 ,τόλμῃ
813 3239 923 3317 δικαίᾳ
945 3246 999 3300 καὶ
1022 3237 1101 3309 θεὸς
1123 3238 1340 3320 συλλαμβάνει
1348 3245 1364 3312 ‘,
1380 3236 1432 3300 ,51-

306 3336 426 3400 militer
448 3336 559 3422 Eurip.
581 3339 673 3419 frgm.
695 3339 723 3400 3.
756 3338 838 3402 Vide
866 3339 964 3404 etiam
990 3340 1105 3424 ripast.
1132 3339 1183 3414 15,
1210 3341 1250 3402 92
1280 3340 1433 3403 citantem

305 3439 554 3503 usitatissimum
566 3439 660 3503 illud:
686 3448 753 3518 ,ταν
764 3455 855 3525 χεῖρα
872 3449 1084 3528 ποτιφέροντα
1106 3443 1164 3507 τόν
1185 3443 1281 3523 τόχαν
1303 3443 1431 3507 καλεῖνί.

392 3540 407 3570 *
429 3540 529 3604 Andr.
546 3542 621 3604 380:
645 3539 775 3605 Dictum
799 3563 836 3606 ae
859 3544 987 3608 laetum.
1033 3543 1097 3606 ])ο.

308 3641 420 3706 eodem
447 3641 542 3705 moda
566 3642 631 3705 iam
655 3642 694 3706 ab
718 3641 822 3707 Ennio
845 3645 961 3709 Annal.
982 3645 1035 3710 lib.
1056 3646 1099 3710 lli
1121 3650 1313 3731 usurpatum
1336 3650 1368 3710 et
1391 3645 1432 3710 ad

307 3743 551 3808 similitudinem
574 3743 669 3808 Hom.
687 3745 720 3808 ll.
738 3745 770 3809 T.
788 3747 863 3810 236:
900 3747 987 3831 ,ἅμα
1009 3753 1117 3831 μῦθος
1139 3751 1201 3834 ε’·ἠν,
1223 3749 1374 3814 τετέλεστο
1397 3749 1432 3812 δὲ

306 3849 407 3928 ἔργονι
430 3849 467 3908 nt
490 3844 623 3922 videtur,
648 3848 869 3930 compositum.
916 3847 962 3912 df.
988 3849 1085 3913 etiam
1109 3847 1227 3913 Herod.
1244 3849 1294 3929 ΙΠ,
1316 3851 1374 3912 135
1399 3854 1430 3914 et

306 3948 380 4012 Zen.
401 3951 426 4021 1,
445 3949 494 4010 77.

392 4048 481 4114 True.
493 4049 546 4128 lv,
560 4051 589 4129 2,
607 4052 660 4114 21:
685 4049 737 4114 Ex
751 4051 846 4115 malis
862 4052 971 4116 multis
983 4051 1102 4116 malum
1118 4051 1204 4137 qnod
1219 4053 1431 4117 minumnmst

459 4149 493 4215 id
516 4151 690 4216 minumest
713 4151 835 4216 malum

307 4272 440 4334 quaeum
467 4260 552 4319 reete
580 4253 706 4318 videtur
736 4254 917 4338 comparari
943 4274 1057 4339 posse,
1086 4254 1170 4338 qnod
1198 4255 1317 4336 legitur
1347 4254 1432 4340 apud
